2700 4980
496 372 743 521 4..-
849 355 881 398 ²

101 633 194 680 nem
203 608 246 675 sit
268 602 500 696 adspernatus.
540 604 668 691 Atqui,
697 582 842 690 inquit,
840 602 1064 672 manifestum
1078 627 1149 671 esse

95 727 203 806 puto,
229 734 259 777 ιι
249 709 482 776 Nicomacho
506 729 620 776 servos
642 698 831 797 postulanti
840 733 911 775 non
926 701 1149 788 tradidissem,

82 817 255 893 ¹futurum
282 811 385 888 luisse
413 823 451 876 ut
464 809 620 893 viderer
614 811 756 877 sceleris
780 795 866 878 mihi
891 835 961 878 esse
984 811 1146 877 conscius.
1200 862 1203 879 2

101 922 219 1006 Quum
237 916 340 1004 igitur
361 937 416 979 me
438 906 594 979 dedente
598 909 712 980 servos
733 915 884 1004 accipere
906 915 1069 998 noluerit,
1088 939 1147 981 se-

101 1043 208 1108 quum
231 1029 280 1085 est
295 1017 390 1083 'idem
419 1015 560 1082 iudicari
587 1018 629 1082 de
650 1018 730 1098 illo,
758 1019 954 1106 praesertim
974 1041 1051 1083 eum
1074 1039 1146 1082 ιιοιι

98 1126 191 1193 idem
212 1123 256 1188 sit
275 1121 410 1205 utrique
426 1117 625 1208 pericnlum.
647 1120 689 1204 (ς.
709 1125 760 1186 37.
774 1123 835 1186 Bk
857 1146 891 1211 p.
883 1127 979 1188 .28.9
993 1117 1050 1209 R.)
1073 1124 1145 1204 napi

97 1234 173 1316 ἐμου
156 1229 252 1313 ’μὲν
275 1217 335 1313 yoip
357 1229 387 1288 εἰ
406 1223 525 1309 ἔλεγον,
556 1216 662 1290 ods'*
640 1252 680 1288 αν
702 1217 960 1308 ἀπολογήσασθαί
975 1250 1059 1309 poss
1046 1223 1145 1307 ἐξεγέ-

97 1351 182 1425 vtro
217 1321 319 1412 τοῦτῳ
349 1321 381 1394 d
402 1332 432 1410 εἰ
453 1356 495 1409 μη
527 1318 718 1412 οἷμολῦγ-οον
731 1356 752 1393 οι
780 1319 870 1405 οὗτος
898 1321 1058 1415 ἐβούλετο,
1088 1351 1143 1402 ου·

98 1435 185 1521 dapes]
207 1430 340 1525 ζημίᾳ”
319 1420 491 1517 erexeris.
534 1426 691 1497 Verba
671 1460 692 1496 α
707 1423 798 1506 adeor
813 1423 954 1517 ἐβουλετο
977 1429 1145 1512 Bekkero,
1173 1423 1176 1427 “

15 1556 17 1565 ’
99 1533 350 1626 superiora—illa
368 1539 444 1618 aspi
470 1535 544 1621 ἐμοῦ
567 1540 597 1613 οἱ
614 1534 715 1619 ἕλιγοο
729 1533 819 1600 haud
836 1534 936 1600 dubie
950 1531 1144 1598 obscuriora
1235 1604 1238 1607 ,

69 1667 76 1681 =
97 1641 249 1730 putanti,
270 1649 346 1728 post
365 1638 471 1722 ἔλεγον
484 1640 556 1704 visa
568 1650 648 1705 sunt
663 1637 908 1726 transponenda
922 1659 1001 1709 esse.
1045 1634 1143 1719 Quae

97 1741 312 1830 transpositio
334 1740 603 1828 primoquidem
628 1740 785 1828 adspectu
806 1741 883 1808 satis
904 1741 1030 1829 placet:
1058 1736 1142 1801 inita

97 1857 210 1912 autem
234 1844 462 1936 subductaque
479 1844 609 1909 ratione
631 1867 704 1910 eam
722 1855 813 1932 patet
832 1843 971 1909 minime
990 1841 1144 1908 neeessa-

96 1951 184 2014 riam
198 1959 352 2033 reeteque
368 1971 387 2010 a
403 1937 540 2014 Bremio
554 1971 624 2012 esse
638 1948 806 2013 reiectam·
850 1944 1033 2032 Quomodo
1050 1941 1143 2008 enim

97 2052 157 2120 illa
178 2055 249 2133 περὶ
271 2052 344 2134 ἐμοῦ
366 2040 467 2135 ilsyos
488 2050 681 2138 accipienda
702 2050 789 2131 sint,'
817 2073 860 2115 ex
875 2060 945 2117 toto
959 2044 1142 2113 sententia-

98 2176 177 2237 rum
204 2176 296 2218 nexu
323 2166 391 2219 tam
413 2153 453 2218 fit
474 2154 709 2242 perspicuum,
743 2165 781 2218 nt
802 2153 907 2218 lector
929 2143 993 2219 vel
1006 2148 1141 2214 auditor

43 2346 46 2351 Ι
99 2253 348 2341 quodammodo
367 2256 485 2319 saltem
508 2267 650 2322 attentus
670 2280 715 2322 ne
735 2257 898 2344 tantisper
919 2253 1052 2341 quidem
1075 2249 1141 2314 du-

98 2359 172 2424 bius
197 2359 333 2445 haerere
348 2359 462 2447 possit.
506 2359 590 2424 Non
602 2359 689 2423 male
707 2357 800 2423 addit
819 2359 991 2424 Bremiust
1012 2346 1139 2436 ,ardep

96 2461 308 2551 praeposito,
345 2484 450 2549 quum
471 2459 638 2528 referatur
659 2460 701 2526 ad
723 2453 914 2548 ὡμολόγουν,
940 2450 1142 2527 vocabula“
1121 2483 1143 2521 α

97 2556 188 2639 οὗτος
209 2558 350 2650 ἐβούλετο
371 2588 453 2630 non
464 2563 608 2651 quidem
621 2568 804 2632 necessaria
825 2579 920 2647 sunt,
949 2561 1007 2630 sed
1027 2559 1143 2626 subie-

98 2682 190 2735 ctum
202 2669 242 2733 ad
252 2669 413 2758 apodosin
428 2661 551 2754 οὖδιμιᾶ
568 2667 693 2752 ζημῖᾳ”
673 2694 778 2757 araxos
792 2699 830 2751 ην
843 2683 919 2758 apte
933 2666 970 2732 in
978 2663 1143 2729 memoria

96 2784 243 2838 servant.
246 2777 264 2809 “
308 2763 478 2848 Βιαντος
502 2772 705 2858 pronomine
731 2774 764 2838 h.
785 2773 808 2839 l.
830 2796 894 2863 pro
917 2762 1010 2844 αὐτός
1029 2766 1140 2856 posito

94 2874 173 2941 vide
187 2897 271 2963 quae
284 2874 373 2941 infra
388 2875 596 2961 disseremus.
1123 2928 1133 2961 ‚

201 2979 278 3046 Hac
308 2984 481 3044 occasione
510 2979 620 3044 oblata
643 3003 714 3044 non
739 3001 877 3068 possum
898 2977 981 3064 quin
1001 2974 1042 3040 de
1065 2974 1140 3039 loco

99 3081 248 3171 quodam
268 3094 444 3169 corrupto,
467 3083 526 3167 qui
542 3084 579 3147 in
592 3082 678 3147 libro
695 3095 814 3167 quarto
830 3081 1000 3148 Ciceronis
1012 3079 1142 3164 Dispu-
1219 3107 1223 3112 ·

31 3222 34 3227 ·
98 3186 264 3253 tationum
285 3185 553 3250 Tusculanarum
581 3185 766 3274 reperitur,
795 3186 958 3263 nonnulla
977 3182 1141 3265 adiiciam.

91 3293 281 3376 *Postquam
307 3285 428 3352 Cicero
457 3288 504 3353 ibi
526 3311 554 3353 o.
576 3289 886 3377 §.perturbationis
910 3285 1141 3353 definitionem

100 3391 280 3483 proposuit
301 3401 333 3456 et
353 3403 509 3476 quattuor
529 3393 826 3481 perturbationum
843 3413 963 3479 genera
976 3387 1144 3457 recensuit
1201 3418 1203 3425 1

94 3485 137 3562 xet
150 3493 352 3584 explanavit,
375 3494 511 3582 sospite
524 3495 670 3584 septimo
680 3508 854 3562 enumerat
868 3507 900 3561 et
909 3496 1053 3584 explicat
1066 3513 1143 3579 spe·

103 3599 169 3663 sies
200 3597 408 3686 singularum
435 3597 568 3663 illarum
598 3599 901 3688 perturbationum.
944 3599 1019 3664 Ha'o
1048 3597 1084 3661 in
1106 3616 1144 3658 re

104 3719 241 3765 versans
261 3699 341 3765 dicit
363 3723 391 3768 c.
410 3700 473 3765 IX.
495 3702 524 3785 ς.
539 3707 593 3766 21.
637 3692 767 3788 „Quae
786 3715 898 3767 autem
919 3700 1048 3767 libidini
1063 3698 1144 3782 sub·
1176 3686 1179 3694 ¹

104 3801 192 3868 iecta
209 3813 303 3887 sunt,
327 3826 367 3867 ea
380 3803 427 3866 sie
449 3803 633 3901 deliniunt,
656 3817 695 3871 ut
712 3805 777 3870 ira
791 3807 832 3871 sit
847 3804 948 3875 libido
964 3800 1147 3893 poeniendi

105 3905 194 3986 eius,
219 3902 277 3990 qui
295 3905 447 3970 videatur
466 3907 597 3973 laesisse
619 3907 760 3974 iniuria:
790 3904 1146 3974 excandescentia

104 4021 219 4077 autem
239 4007 282 4071 sit
301 4005 351 4072 ire
369 4031 506 4078 nascens
527 4022 560 4076 et
580 4009 683 4077 modo
703 4011 880 4095 exsistens,
908 4033 994 4099 quae
1007 4003 1148 4095 θὺμωσις

106 4128 222 4202 graece
246 4110 387 4177 dieitur:
423 4111 582 4198 odium,
605 4113 657 4180 ira
675 4114 877 4182 inveterata:
896 4113 1150 4195 inimicitia,
1240 4099 1245 4104 ¹
