<?xml version="1.0" encoding="UTF-8"?>
<!DOCTYPE html PUBLIC "-//W3C//DTD XHTML 1.0 Transitional//EN"
    "http://www.w3.org/TR/xhtml1/DTD/xhtml1-transitional.dtd">
<html xmlns="http://www.w3.org/1999/xhtml" xml:lang="en" lang="en">
 <head>
  <title>
</title>
<meta http-equiv="Content-Type" content="text/html;charset=utf-8" />
  <meta name='ocr-system' content='tesseract 3.04.00' />
  <meta name='ocr-capabilities' content='ocr_page ocr_carea ocr_par ocr_line ocrx_word'/>
</head>
<body>
  <div class='ocr_page' id='page_1' title='image "./observationescr00foergoog_0052.png"; bbox 0 0 2700 4980; ppageno 0'>
   <div class='ocr_carea' id='block_1_1' title="bbox 206 376 769 463">
    <p class='ocr_par' dir='ltr' id='par_1_1' title="bbox 206 376 849 490">
     <span class='ocr_line' id='line_1_1' title="bbox 206 376 769 463; baseline 0.011 -6"><span class='ocrx_word' id='word_1_1' title='bbox 206 376 214 407; x_wconf 77' lang='lat'><strong><em>‘</em></strong></span> <span class='ocrx_word' id='word_1_2' title='bbox 466 384 769 463; x_wconf 79' lang='grc' dir='ltr'><strong><em>.--ιι--</em></strong></span> 
     </span>
    </p>
   </div>
   <div class='ocr_carea' id='block_1_2' title="bbox 42 568 1223 1289">
    <p class='ocr_par' dir='ltr' id='par_1_2' title="bbox 42 568 1223 1289">
     <span class='ocr_line' id='line_1_2' title="bbox 118 568 1165 651; baseline 0 -4"><span class='ocrx_word' id='word_1_3' title='bbox 118 581 482 650; x_wconf 81' lang='lat' dir='ltr'><strong>Lacedaemoniis</strong></span> <span class='ocrx_word' id='word_1_4' title='bbox 507 582 529 649; x_wconf 89' lang='lat' dir='ltr'><strong>i.</strong></span> <span class='ocrx_word' id='word_1_5' title='bbox 558 605 587 648; x_wconf 87' lang='lat' dir='ltr'><strong>e.</strong></span> <span class='ocrx_word' id='word_1_6' title='bbox 615 603 700 647; x_wconf 91' lang='lat' dir='ltr'><strong>non</strong></span> <span class='ocrx_word' id='word_1_7' title='bbox 729 568 1165 651; x_wconf 55' lang='lat' dir='ltr'><strong>infirmioribussm-i„</strong></span> 
     </span>
     <span class='ocr_line' id='line_1_3' title="bbox 42 673 1164 772; baseline 0.004 -23"><span class='ocrx_word' id='word_1_8' title='bbox 42 733 47 741; x_wconf 60' lang='grc'><strong><em>«</em></strong></span> <span class='ocrx_word' id='word_1_9' title='bbox 120 706 284 772; x_wconf 87' lang='lat' dir='ltr'><strong>nnsqne</strong></span> <span class='ocrx_word' id='word_1_10' title='bbox 309 673 498 750; x_wconf 86' lang='lat' dir='ltr'><strong>infensis</strong></span> <span class='ocrx_word' id='word_1_11' title='bbox 520 684 740 765; x_wconf 75' lang='lat' dir='ltr'><strong>hostibus,</strong></span> <span class='ocrx_word' id='word_1_12' title='bbox 772 684 843 748; x_wconf 90' lang='lat' dir='ltr'><strong>sed</strong></span> <span class='ocrx_word' id='word_1_13' title='bbox 866 686 1164 753; x_wconf 70' lang='lat' dir='ltr'><strong>acerbissimis</strong></span> 
     </span>
     <span class='ocr_line' id='line_1_4' title="bbox 119 783 1165 874; baseline 0.007 -22"><span class='ocrx_word' id='word_1_14' title='bbox 119 786 227 852; x_wconf 86' lang='lat' dir='ltr'><strong>adeo</strong></span> <span class='ocrx_word' id='word_1_15' title='bbox 255 788 672 874; x_wconf 84' lang='lat' dir='ltr'><strong>nocentissimisque</strong></span> <span class='ocrx_word' id='word_1_16' title='bbox 701 783 935 854; x_wconf 80' lang='lat' dir='ltr'><strong>indicabat.</strong></span> <span class='ocrx_word' id='word_1_17' title='bbox 976 789 1165 859; x_wconf 85' lang='lat' dir='ltr'><strong>Haecsen-</strong></span> 
     </span>
     <span class='ocr_line' id='line_1_5' title="bbox 118 889 1163 979; baseline 0.005 -25"><span class='ocrx_word' id='word_1_18' title='bbox 118 889 225 955; x_wconf 83' lang='lat' dir='ltr'><strong>tentia</strong></span> <span class='ocrx_word' id='word_1_19' title='bbox 240 915 309 956; x_wconf 89' lang='lat' dir='ltr'><strong>non</strong></span> <span class='ocrx_word' id='word_1_20' title='bbox 326 892 444 979; x_wconf 86' lang='lat' dir='ltr'><strong>inepta</strong></span> <span class='ocrx_word' id='word_1_21' title='bbox 459 892 594 978; x_wconf 88' lang='lat' dir='ltr'><strong>quidem</strong></span> <span class='ocrx_word' id='word_1_22' title='bbox 611 903 646 956; x_wconf 83' lang='lat' dir='ltr'><strong>et</strong></span> <span class='ocrx_word' id='word_1_23' title='bbox 657 891 783 956; x_wconf 83' lang='lat' dir='ltr'><strong>absona</strong></span> <span class='ocrx_word' id='word_1_24' title='bbox 797 893 861 957; x_wconf 89' lang='lat' dir='ltr'><strong>hoc</strong></span> <span class='ocrx_word' id='word_1_25' title='bbox 877 891 950 969; x_wconf 82' lang='lat' dir='ltr'><strong>loco</strong></span> <span class='ocrx_word' id='word_1_26' title='bbox 964 904 1030 957; x_wconf 83' lang='lat' dir='ltr'><strong>est:</strong></span> <span class='ocrx_word' id='word_1_27' title='bbox 1049 895 1163 959; x_wconf 86' lang='lat' dir='ltr'><strong>nescio</strong></span> 
     </span>
     <span class='ocr_line' id='line_1_6' title="bbox 119 981 1223 1081; baseline 0.009 -25"><span class='ocrx_word' id='word_1_28' title='bbox 119 1003 235 1058; x_wconf 90' lang='lat' dir='ltr'><strong>tamen</strong></span> <span class='ocrx_word' id='word_1_29' title='bbox 254 1017 297 1059; x_wconf 88' lang='lat' dir='ltr'><strong>an</strong></span> <span class='ocrx_word' id='word_1_30' title='bbox 318 981 439 1058; x_wconf 81' lang='lat' dir='ltr'><strong>molins</strong></span> <span class='ocrx_word' id='word_1_31' title='bbox 460 995 503 1061; x_wconf 89' lang='lat' dir='ltr'><strong>sit</strong></span> <span class='ocrx_word' id='word_1_32' title='bbox 527 997 644 1063; x_wconf 83' lang='lat' dir='ltr'><strong>scribi:</strong></span> <span class='ocrx_word' id='word_1_33' title='bbox 667 1033 687 1048; x_wconf 87' lang='lat'><em>-</em></span> <span class='ocrx_word' id='word_1_34' title='bbox 714 989 851 1081; x_wconf 69' lang='grc' dir='ltr'><strong><em>μηνυτής</em></strong></span> <span class='ocrx_word' id='word_1_35' title='bbox 874 987 910 1060; x_wconf 78' lang='grc' dir='ltr'><strong>οὗ</strong></span> <span class='ocrx_word' id='word_1_36' title='bbox 924 999 989 1069; x_wconf 78' lang='grc' dir='ltr'><strong><em>τοῖς</em></strong></span> <span class='ocrx_word' id='word_1_37' title='bbox 1004 1004 1165 1066; x_wconf 58' lang='grc' dir='ltr'><strong><em>Λακεδαικ</em></strong></span> <span class='ocrx_word' id='word_1_38' title='bbox 1220 1038 1223 1047; x_wconf 87' lang='grc'><em>·</em></span> 
     </span>
     <span class='ocr_line' id='line_1_7' title="bbox 73 1092 1164 1183; baseline 0.002 -18"><span class='ocrx_word' id='word_1_39' title='bbox 73 1160 77 1165; x_wconf 88' lang='grc'><strong>.</strong></span> <span class='ocrx_word' id='word_1_40' title='bbox 118 1101 393 1183; x_wconf 70' lang='grc' dir='ltr'><strong><em>μομίοιςδμὲνετος</em></strong></span> <span class='ocrx_word' id='word_1_41' title='bbox 429 1123 571 1166; x_wconf 88' lang='lat' dir='ltr'><strong>nonne</strong></span> <span class='ocrx_word' id='word_1_42' title='bbox 598 1092 957 1166; x_wconf 85' lang='lat' dir='ltr'><strong>Lacedaemoniis</strong></span> <span class='ocrx_word' id='word_1_43' title='bbox 987 1098 1164 1167; x_wconf 87' lang='lat' dir='ltr'><strong>indica-</strong></span> 
     </span>
     <span class='ocr_line' id='line_1_8' title="bbox 120 1200 1163 1289; baseline 0.006 -26"><span class='ocrx_word' id='word_1_44' title='bbox 120 1200 215 1264; x_wconf 75' lang='lat' dir='ltr'><strong>bat?</strong></span> <span class='ocrx_word' id='word_1_45' title='bbox 258 1202 312 1266; x_wconf 83' lang='lat' dir='ltr'><strong>Sic</strong></span> <span class='ocrx_word' id='word_1_46' title='bbox 337 1202 421 1267; x_wconf 85' lang='lat' dir='ltr'><strong>haee</strong></span> <span class='ocrx_word' id='word_1_47' title='bbox 444 1227 498 1268; x_wconf 88' lang='lat' dir='ltr'><strong>res</strong></span> <span class='ocrx_word' id='word_1_48' title='bbox 521 1226 591 1268; x_wconf 88' lang='lat' dir='ltr'><strong>non</strong></span> <span class='ocrx_word' id='word_1_49' title='bbox 617 1214 657 1268; x_wconf 88' lang='lat' dir='ltr'><strong>nt</strong></span> <span class='ocrx_word' id='word_1_50' title='bbox 675 1205 790 1289; x_wconf 83' lang='lat' dir='ltr'><strong>ignota</strong></span> <span class='ocrx_word' id='word_1_51' title='bbox 813 1213 847 1266; x_wconf 89' lang='lat' dir='ltr'><strong>et</strong></span> <span class='ocrx_word' id='word_1_52' title='bbox 867 1224 957 1267; x_wconf 51' lang='lat' dir='ltr'><strong>notra</strong></span> <span class='ocrx_word' id='word_1_53' title='bbox 975 1201 1163 1289; x_wconf 83' lang='lat' dir='ltr'><strong>profertur,</strong></span> 
     </span>
    </p>
   </div>
   <div class='ocr_carea' id='block_1_3' title="bbox 119 1302 1164 1476">
    <p class='ocr_par' dir='ltr' id='par_1_3' title="bbox 119 1302 1164 1476">
     <span class='ocr_line' id='line_1_9' title="bbox 119 1302 1164 1391; baseline 0.006 -25"><span class='ocrx_word' id='word_1_54' title='bbox 119 1302 178 1366; x_wconf 88' lang='lat' dir='ltr'><strong>sed</strong></span> <span class='ocrx_word' id='word_1_55' title='bbox 194 1303 306 1391; x_wconf 83' lang='lat' dir='ltr'><strong>potius</strong></span> <span class='ocrx_word' id='word_1_56' title='bbox 322 1316 360 1368; x_wconf 87' lang='lat' dir='ltr'><strong>ut</strong></span> <span class='ocrx_word' id='word_1_57' title='bbox 383 1306 539 1372; x_wconf 88' lang='lat' dir='ltr'><strong>omnibus</strong></span> <span class='ocrx_word' id='word_1_58' title='bbox 555 1318 636 1374; x_wconf 83' lang='lat' dir='ltr'><strong>nota</strong></span> <span class='ocrx_word' id='word_1_59' title='bbox 655 1319 690 1372; x_wconf 83' lang='lat' dir='ltr'><strong>et</strong></span> <span class='ocrx_word' id='word_1_60' title='bbox 701 1317 824 1371; x_wconf 86' lang='lat' dir='ltr'><strong>testata</strong></span> <span class='ocrx_word' id='word_1_61' title='bbox 837 1303 873 1368; x_wconf 90' lang='lat' dir='ltr'><strong>in</strong></span> <span class='ocrx_word' id='word_1_62' title='bbox 886 1304 1085 1371; x_wconf 83' lang='lat' dir='ltr'><strong>memoriam</strong></span> <span class='ocrx_word' id='word_1_63' title='bbox 1099 1329 1164 1372; x_wconf 80' lang='lat' dir='ltr'><strong>au-</strong></span> 
     </span>
     <span class='ocr_line' id='line_1_10' title="bbox 120 1404 472 1476; baseline 0.02 -7"><span class='ocrx_word' id='word_1_64' title='bbox 120 1404 267 1472; x_wconf 84' lang='lat' dir='ltr'><strong>ditorum</strong></span> <span class='ocrx_word' id='word_1_65' title='bbox 281 1421 472 1476; x_wconf 85' lang='lat' dir='ltr'><strong>revocatur.</strong></span> 
     </span>
    </p>
   </div>
   <div class='ocr_carea' id='block_1_4' title="bbox 119 1501 1282 4198">
    <p class='ocr_par' dir='ltr' id='par_1_4' title="bbox 119 1501 1282 4198">
     <span class='ocr_line' id='line_1_11' title="bbox 119 1501 1165 1601; baseline 0.005 -28"><span class='ocrx_word' id='word_1_66' title='bbox 119 1501 127 1510; x_wconf 72' lang='grc'>’</span> <span class='ocrx_word' id='word_1_67' title='bbox 225 1509 309 1579; x_wconf 85' lang='lat' dir='ltr'><strong>lbid.</strong></span> <span class='ocrx_word' id='word_1_68' title='bbox 332 1510 363 1595; x_wconf 59' lang='grc' dir='ltr'><strong>ς.</strong></span> <span class='ocrx_word' id='word_1_69' title='bbox 378 1512 431 1577; x_wconf 81' lang='grc'><strong>41.</strong></span> <span class='ocrx_word' id='word_1_70' title='bbox 454 1513 514 1579; x_wconf 83' lang='lat' dir='ltr'><strong>Bk.</strong></span> <span class='ocrx_word' id='word_1_71' title='bbox 536 1536 569 1601; x_wconf 91' lang='lat' dir='ltr'><strong>p.</strong></span> <span class='ocrx_word' id='word_1_72' title='bbox 583 1514 656 1580; x_wconf 82' lang='lat'>550.</span> <span class='ocrx_word' id='word_1_73' title='bbox 677 1537 726 1600; x_wconf 86' lang='lat' dir='ltr'><strong>sq.</strong></span> <span class='ocrx_word' id='word_1_74' title='bbox 749 1514 790 1582; x_wconf 88' lang='lat' dir='ltr'><strong>R.</strong></span> <span class='ocrx_word' id='word_1_75' title='bbox 810 1510 891 1576; x_wconf 83' lang='lat' dir='ltr'><strong>dicit</strong></span> <span class='ocrx_word' id='word_1_76' title='bbox 904 1509 1023 1599; x_wconf 85' lang='lat' dir='ltr'><strong>Lysias</strong></span> <span class='ocrx_word' id='word_1_77' title='bbox 1040 1524 1165 1598; x_wconf 83' lang='lat' dir='ltr'><strong>noster,</strong></span> 
     </span>
     <span class='ocr_line' id='line_1_12' title="bbox 122 1604 1165 1702; baseline 0.007 -26"><span class='ocrx_word' id='word_1_78' title='bbox 122 1604 511 1699; x_wconf 46' lang='lat' dir='ltr'><strong>eiusmodi‘hominihus,</strong></span> <span class='ocrx_word' id='word_1_79' title='bbox 534 1618 642 1702; x_wconf 84' lang='lat' dir='ltr'><strong>qualis</strong></span> <span class='ocrx_word' id='word_1_80' title='bbox 657 1615 849 1682; x_wconf 88' lang='lat' dir='ltr'><strong>Alcibiades</strong></span> <span class='ocrx_word' id='word_1_81' title='bbox 866 1613 1033 1698; x_wconf 82' lang='lat' dir='ltr'><strong>ceterique</strong></span> <span class='ocrx_word' id='word_1_82' title='bbox 1048 1615 1089 1680; x_wconf 89' lang='lat' dir='ltr'><strong>de</strong></span> <span class='ocrx_word' id='word_1_83' title='bbox 1104 1641 1165 1683; x_wconf 88' lang='lat' dir='ltr'><strong>ea·</strong></span> 
     </span>
     <span class='ocr_line' id='line_1_13' title="bbox 124 1712 1166 1807; baseline 0.011 -28"><span class='ocrx_word' id='word_1_84' title='bbox 124 1716 200 1780; x_wconf 88' lang='lat' dir='ltr'><strong>dem</strong></span> <span class='ocrx_word' id='word_1_85' title='bbox 221 1730 318 1802; x_wconf 84' lang='lat' dir='ltr'><strong>gente</strong></span> <span class='ocrx_word' id='word_1_86' title='bbox 341 1716 488 1802; x_wconf 85' lang='lat' dir='ltr'><strong>fuerint,</strong></span> <span class='ocrx_word' id='word_1_87' title='bbox 517 1743 590 1786; x_wconf 91' lang='lat' dir='ltr'><strong>non</strong></span> <span class='ocrx_word' id='word_1_88' title='bbox 613 1744 682 1784; x_wconf 90' lang='lat' dir='ltr'><strong>esse</strong></span> <span class='ocrx_word' id='word_1_89' title='bbox 709 1718 927 1806; x_wconf 84' lang='lat' dir='ltr'><strong>parcendum.</strong></span> <span class='ocrx_word' id='word_1_90' title='bbox 976 1712 1041 1806; x_wconf 80' lang='grc' dir='ltr'><strong>Οόχ</strong></span> <span class='ocrx_word' id='word_1_91' title='bbox 1059 1729 1091 1789; x_wconf 82' lang='grc' dir='ltr'><strong>οἱ</strong></span> <span class='ocrx_word' id='word_1_92' title='bbox 1109 1727 1166 1807; x_wconf 74' lang='grc' dir='ltr'><strong><em>μὲν</em></strong></span> 
     </span>
     <span class='ocr_line' id='line_1_14' title="bbox 123 1814 1167 1910; baseline 0.01 -26"><span class='ocrx_word' id='word_1_93' title='bbox 123 1825 230 1887; x_wconf 73' lang='grc' dir='ltr'><strong><em>πολιοὶ</em></strong></span> <span class='ocrx_word' id='word_1_94' title='bbox 238 1816 342 1888; x_wconf 70' lang='lat' dir='ltr'><strong>adedo</strong></span> <span class='ocrx_word' id='word_1_95' title='bbox 351 1815 562 1909; x_wconf 68' lang='grc' dir='ltr'><strong><em>,ἡταιρήκασιν</em></strong></span> <span class='ocrx_word' id='word_1_96' title='bbox 579 1862 596 1875; x_wconf 86' lang='grc'><strong>-</strong></span> <span class='ocrx_word' id='word_1_97' title='bbox 608 1862 635 1904; x_wconf 86' lang='grc'><strong>-,</strong></span> <span class='ocrx_word' id='word_1_98' title='bbox 657 1832 688 1892; x_wconf 82' lang='grc' dir='ltr'><strong>οἱ</strong></span> <span class='ocrx_word' id='word_1_99' title='bbox 702 1825 734 1890; x_wconf 77' lang='grc' dir='ltr'><strong>δι’</strong></span> <span class='ocrx_word' id='word_1_100' title='bbox 750 1814 903 1910; x_wconf 74' lang='grc' dir='ltr'><strong>μυστήρια</strong></span> <span class='ocrx_word' id='word_1_101' title='bbox 915 1817 1098 1901; x_wconf 69' lang='grc' dir='ltr'><strong><em>πεποιήκασι</em></strong></span> <span class='ocrx_word' id='word_1_102' title='bbox 1114 1830 1167 1894; x_wconf 85' lang='grc' dir='ltr'><strong>καδ</strong></span> 
     </span>
     <span class='ocr_line' id='line_1_15' title="bbox 122 1918 1180 2015; baseline 0 -23"><span class='ocrx_word' id='word_1_103' title='bbox 122 1919 197 2000; x_wconf 69' lang='lat' dir='ltr'><strong>waic</strong></span> <span class='ocrx_word' id='word_1_104' title='bbox 217 1918 331 2011; x_wconf 75' lang='grc' dir='ltr'><strong><em>Ἔρμᾶς</em></strong></span> <span class='ocrx_word' id='word_1_105' title='bbox 351 1923 566 2015; x_wconf 76' lang='grc' dir='ltr'><strong><em>περικεκόφασι</em></strong></span> <span class='ocrx_word' id='word_1_106' title='bbox 586 1932 638 1995; x_wconf 77' lang='grc' dir='ltr'><strong><em>καὶ</em></strong></span> <span class='ocrx_word' id='word_1_107' title='bbox 661 1932 730 2014; x_wconf 72' lang='grc' dir='ltr'><strong><em>περὶ</em></strong></span> <span class='ocrx_word' id='word_1_108' title='bbox 752 1919 870 1999; x_wconf 75' lang='grc' dir='ltr'><strong><em>πάντας</em></strong></span> <span class='ocrx_word' id='word_1_109' title='bbox 891 1918 963 2000; x_wconf 74' lang='lat' dir='ltr'><strong>code</strong></span> <span class='ocrx_word' id='word_1_110' title='bbox 983 1921 1078 2002; x_wconf 76' lang='grc' dir='ltr'><strong><em>θεοός</em></strong></span> <span class='ocrx_word' id='word_1_111' title='bbox 1092 1923 1180 2008; x_wconf 74' lang='grc' dir='ltr'><strong>η’σιι-Ι</strong></span> 
     </span>
     <span class='ocr_line' id='line_1_16' title="bbox 123 2016 1193 2117; baseline 0.001 -16"><span class='ocrx_word' id='word_1_112' title='bbox 123 2025 239 2117; x_wconf 73' lang='grc' dir='ltr'><strong><em>βόκαοι</em></strong></span> <span class='ocrx_word' id='word_1_113' title='bbox 259 2036 311 2098; x_wconf 72' lang='grc' dir='ltr'><strong><em>καὶ</em></strong></span> <span class='ocrx_word' id='word_1_114' title='bbox 332 2035 378 2105; x_wconf 79' lang='grc' dir='ltr'><strong>εἰς</strong></span> <span class='ocrx_word' id='word_1_115' title='bbox 398 2027 523 2098; x_wconf 74' lang='grc' dir='ltr'><strong><em>ἅπασαν</em></strong></span> <span class='ocrx_word' id='word_1_116' title='bbox 545 2026 603 2111; x_wconf 67' lang='grc' dir='ltr'><strong>τόν</strong></span> <span class='ocrx_word' id='word_1_117' title='bbox 618 2016 712 2099; x_wconf 59' lang='grc' dir='ltr'><strong><em>’πόλιν</em></strong></span> <span class='ocrx_word' id='word_1_118' title='bbox 732 2021 961 2114; x_wconf 69' lang='grc' dir='ltr'><strong>ἡμαρτήκασιν,</strong></span> <span class='ocrx_word' id='word_1_119' title='bbox 988 2024 1101 2108; x_wconf 78' lang='grc' dir='ltr'><strong><em>ἆδδκως</em></strong></span> <span class='ocrx_word' id='word_1_120' title='bbox 1115 2039 1169 2102; x_wconf 73' lang='grc' dir='ltr'><strong><em>καὶ</em></strong></span> <span class='ocrx_word' id='word_1_121' title='bbox 1191 2073 1193 2077; x_wconf 33' lang='lat' dir='ltr'>v</span> 
     </span>
     <span class='ocr_line' id='line_1_17' title="bbox 124 2127 1169 2220; baseline 0 -20"><span class='ocrx_word' id='word_1_122' title='bbox 124 2127 311 2219; x_wconf 75' lang='grc' dir='ltr'><strong><em>παρανόμως</em></strong></span> <span class='ocrx_word' id='word_1_123' title='bbox 330 2138 383 2201; x_wconf 69' lang='grc' dir='ltr'><strong><em>καὶ</em></strong></span> <span class='ocrx_word' id='word_1_124' title='bbox 404 2130 482 2220; x_wconf 82' lang='grc' dir='ltr'><strong><em>πρός</em></strong></span> <span class='ocrx_word' id='word_1_125' title='bbox 502 2130 575 2210; x_wconf 75' lang='grc' dir='ltr'><strong><em>νοός</em></strong></span> <span class='ocrx_word' id='word_1_126' title='bbox 594 2131 706 2209; x_wconf 76' lang='grc' dir='ltr'><strong><em>ἄλλους</em></strong></span> <span class='ocrx_word' id='word_1_127' title='bbox 727 2137 906 2216; x_wconf 71' lang='grc' dir='ltr'><strong>διακείμενοι</strong></span> <span class='ocrx_word' id='word_1_128' title='bbox 925 2137 977 2198; x_wconf 76' lang='grc' dir='ltr'><strong><em>καῖ</em></strong></span> <span class='ocrx_word' id='word_1_129' title='bbox 992 2129 1071 2220; x_wconf 82' lang='grc' dir='ltr'><strong><em>πρός</em></strong></span> <span class='ocrx_word' id='word_1_130' title='bbox 1087 2139 1169 2220; x_wconf 73' lang='grc' dir='ltr'><strong><em>σφᾶς</em></strong></span> 
     </span>
     <span class='ocr_line' id='line_1_18' title="bbox 125 2228 1168 2327; baseline 0.003 -23"><span class='ocrx_word' id='word_1_131' title='bbox 125 2232 239 2312; x_wconf 67' lang='lat' dir='ltr'><strong>«nicode</strong></span> <span class='ocrx_word' id='word_1_132' title='bbox 257 2230 505 2321; x_wconf 77' lang='grc' dir='ltr'><strong><em>πολιτευόμενοι,</em></strong></span> <span class='ocrx_word' id='word_1_133' title='bbox 534 2233 675 2322; x_wconf 81' lang='grc' dir='ltr'><strong><em>οόδεμιᾶς</em></strong></span> <span class='ocrx_word' id='word_1_134' title='bbox 695 2230 809 2321; x_wconf 70' lang='grc' dir='ltr'><strong><em>τόλμης</em></strong></span> <span class='ocrx_word' id='word_1_135' title='bbox 832 2228 1010 2321; x_wconf 81' lang='grc' dir='ltr'><strong><em>οἷπεχόμενοι</em></strong></span> <span class='ocrx_word' id='word_1_136' title='bbox 1029 2233 1100 2305; x_wconf 74' lang='grc' dir='ltr'><strong><em>οὐδὲ</em></strong></span> <span class='ocrx_word' id='word_1_137' title='bbox 1113 2241 1168 2327; x_wconf 79' lang='grc' dir='ltr'><strong>ἔρ·</strong></span> 
     </span>
     <span class='ocr_line' id='line_1_19' title="bbox 123 2335 1170 2431; baseline 0.003 -23"><span class='ocrx_word' id='word_1_138' title='bbox 123 2367 183 2429; x_wconf 79' lang='grc' dir='ltr'><strong><em>μου</em></strong></span> <span class='ocrx_word' id='word_1_139' title='bbox 200 2341 299 2410; x_wconf 78' lang='grc' dir='ltr'><strong><em>δεινοῦ</em></strong></span> <span class='ocrx_word' id='word_1_140' title='bbox 312 2335 436 2426; x_wconf 78' lang='grc' dir='ltr'><strong><em>ἄπειροι</em></strong></span> <span class='ocrx_word' id='word_1_141' title='bbox 451 2343 657 2426; x_wconf 64' lang='grc' dir='ltr'><strong><em>μεμνημένοις</em></strong></span> <span class='ocrx_word' id='word_1_142' title='bbox 679 2341 850 2406; x_wconf 87' lang='lat' dir='ltr'><strong>Bekkerns</strong></span> <span class='ocrx_word' id='word_1_143' title='bbox 864 2340 900 2406; x_wconf 90' lang='lat' dir='ltr'><strong>in</strong></span> <span class='ocrx_word' id='word_1_144' title='bbox 914 2340 1091 2407; x_wconf 88' lang='lat' dir='ltr'><strong>Addendis</strong></span> <span class='ocrx_word' id='word_1_145' title='bbox 1104 2366 1170 2431; x_wconf 88' lang='lat' dir='ltr'><strong>pro</strong></span> 
     </span>
     <span class='ocr_line' id='line_1_20' title="bbox 126 2438 1172 2530; baseline 0 -17"><span class='ocrx_word' id='word_1_146' title='bbox 126 2450 310 2530; x_wconf 75' lang='grc' dir='ltr'><strong><em>διακείμενοι</em></strong></span> <span class='ocrx_word' id='word_1_147' title='bbox 330 2482 347 2495; x_wconf 87' lang='grc'><strong>-</strong></span> <span class='ocrx_word' id='word_1_148' title='bbox 368 2438 598 2530; x_wconf 79' lang='grc' dir='ltr'><strong><em>πολιτευόμενοι</em></strong></span> <span class='ocrx_word' id='word_1_149' title='bbox 618 2445 665 2510; x_wconf 87' lang='lat' dir='ltr'><strong>ait</strong></span> <span class='ocrx_word' id='word_1_150' title='bbox 680 2443 821 2509; x_wconf 82' lang='lat' dir='ltr'><strong>fortasse</strong></span> <span class='ocrx_word' id='word_1_151' title='bbox 833 2443 1012 2530; x_wconf 83' lang='lat' dir='ltr'><strong>legendum</strong></span> <span class='ocrx_word' id='word_1_152' title='bbox 1027 2469 1096 2511; x_wconf 87' lang='lat' dir='ltr'><strong>esse</strong></span> <span class='ocrx_word' id='word_1_153' title='bbox 1111 2471 1172 2512; x_wconf 81' lang='lat' dir='ltr'><strong>or·</strong></span> 
     </span>
     <span class='ocr_line' id='line_1_21' title="bbox 126 2543 1172 2637; baseline 0.006 -25"><span class='ocrx_word' id='word_1_154' title='bbox 126 2548 204 2615; x_wconf 90' lang='lat' dir='ltr'><strong>dine</strong></span> <span class='ocrx_word' id='word_1_155' title='bbox 222 2549 359 2614; x_wconf 86' lang='lat' dir='ltr'><strong>inverso</strong></span> <span class='ocrx_word' id='word_1_156' title='bbox 382 2543 611 2634; x_wconf 79' lang='grc' dir='ltr'><strong><em>πολιτευόμενοι</em></strong></span> <span class='ocrx_word' id='word_1_157' title='bbox 624 2584 641 2596; x_wconf 92' lang='grc'><strong>-</strong></span> <span class='ocrx_word' id='word_1_158' title='bbox 656 2553 845 2631; x_wconf 78' lang='grc' dir='ltr'><strong><em>διακείμενοι.</em></strong></span> <span class='ocrx_word' id='word_1_159' title='bbox 890 2546 925 2610; x_wconf 89' lang='lat' dir='ltr'><strong>Si</strong></span> <span class='ocrx_word' id='word_1_160' title='bbox 946 2559 1036 2612; x_wconf 87' lang='lat' dir='ltr'><strong>recte</strong></span> <span class='ocrx_word' id='word_1_161' title='bbox 1051 2572 1172 2637; x_wconf 86' lang='lat' dir='ltr'><strong>perce-</strong></span> 
     </span>
     <span class='ocr_line' id='line_1_22' title="bbox 125 2647 1172 2740; baseline 0.008 -26"><span class='ocrx_word' id='word_1_162' title='bbox 125 2653 162 2740; x_wconf 88' lang='lat' dir='ltr'><strong>pi</strong></span> <span class='ocrx_word' id='word_1_163' title='bbox 186 2652 251 2717; x_wconf 89' lang='lat' dir='ltr'><strong>viri</strong></span> <span class='ocrx_word' id='word_1_164' title='bbox 272 2652 484 2718; x_wconf 86' lang='lat' dir='ltr'><strong>celeberrimi</strong></span> <span class='ocrx_word' id='word_1_165' title='bbox 503 2665 673 2736; x_wconf 87' lang='lat' dir='ltr'><strong>mentem,</strong></span> <span class='ocrx_word' id='word_1_166' title='bbox 703 2654 738 2716; x_wconf 90' lang='lat' dir='ltr'><strong>in</strong></span> <span class='ocrx_word' id='word_1_167' title='bbox 760 2673 799 2714; x_wconf 92' lang='lat' dir='ltr'><strong>eo</strong></span> <span class='ocrx_word' id='word_1_168' title='bbox 824 2647 984 2729; x_wconf 85' lang='lat' dir='ltr'><strong>offendit,</strong></span> <span class='ocrx_word' id='word_1_169' title='bbox 1012 2653 1172 2738; x_wconf 85' lang='lat' dir='ltr'><strong>quodhio</strong></span> 
     </span>
     <span class='ocr_line' id='line_1_23' title="bbox 127 2751 1171 2842; baseline 0.006 -23"><span class='ocrx_word' id='word_1_170' title='bbox 127 2755 256 2819; x_wconf 87' lang='lat' dir='ltr'><strong>Orator</strong></span> <span class='ocrx_word' id='word_1_171' title='bbox 283 2755 390 2820; x_wconf 88' lang='lat' dir='ltr'><strong>verbo</strong></span> <span class='ocrx_word' id='word_1_172' title='bbox 417 2751 648 2835; x_wconf 74' lang='grc' dir='ltr'><strong><em>πολιτεύεσθαι,</em></strong></span> <span class='ocrx_word' id='word_1_173' title='bbox 677 2752 766 2840; x_wconf 90' lang='lat' dir='ltr'><strong>quod</strong></span> <span class='ocrx_word' id='word_1_174' title='bbox 789 2752 831 2818; x_wconf 91' lang='lat' dir='ltr'><strong>ad</strong></span> <span class='ocrx_word' id='word_1_175' title='bbox 856 2753 964 2819; x_wconf 81' lang='lat' dir='ltr'><strong>vitam</strong></span> <span class='ocrx_word' id='word_1_176' title='bbox 985 2755 1171 2842; x_wconf 85' lang='lat' dir='ltr'><strong>publicam,</strong></span> 
     </span>
     <span class='ocr_line' id='line_1_24' title="bbox 127 2857 1204 2947; baseline 0.004 -24"><span class='ocrx_word' id='word_1_177' title='bbox 127 2857 168 2923; x_wconf 90' lang='lat' dir='ltr'><strong>ad</strong></span> <span class='ocrx_word' id='word_1_178' title='bbox 182 2859 287 2923; x_wconf 88' lang='lat' dir='ltr'><strong>solem</strong></span> <span class='ocrx_word' id='word_1_179' title='bbox 304 2871 338 2923; x_wconf 86' lang='lat' dir='ltr'><strong>et</strong></span> <span class='ocrx_word' id='word_1_180' title='bbox 355 2860 549 2947; x_wconf 85' lang='lat' dir='ltr'><strong>pulverem,</strong></span> <span class='ocrx_word' id='word_1_181' title='bbox 570 2872 609 2925; x_wconf 87' lang='lat' dir='ltr'><strong>ut</strong></span> <span class='ocrx_word' id='word_1_182' title='bbox 623 2860 734 2939; x_wconf 88' lang='lat' dir='ltr'><strong>aiunt,</strong></span> <span class='ocrx_word' id='word_1_183' title='bbox 757 2867 908 2945; x_wconf 82' lang='lat' dir='ltr'><strong>spectat,</strong></span> <span class='ocrx_word' id='word_1_184' title='bbox 931 2878 1009 2920; x_wconf 85' lang='lat' dir='ltr'><strong>usus</strong></span> <span class='ocrx_word' id='word_1_185' title='bbox 1024 2869 1089 2943; x_wconf 87' lang='lat' dir='ltr'><strong>est,</strong></span> <span class='ocrx_word' id='word_1_186' title='bbox 1111 2862 1172 2929; x_wconf 87' lang='lat' dir='ltr'><strong>ubi</strong></span> <span class='ocrx_word' id='word_1_187' title='bbox 1203 2934 1204 2939; x_wconf 9' lang='grc' dir='ltr'>η</span> 
     </span>
     <span class='ocr_line' id='line_1_25' title="bbox 127 2959 1171 3048; baseline 0.006 -23"><span class='ocrx_word' id='word_1_188' title='bbox 127 2961 169 3025; x_wconf 88' lang='lat' dir='ltr'><strong>de</strong></span> <span class='ocrx_word' id='word_1_189' title='bbox 187 2960 328 3043; x_wconf 81' lang='lat' dir='ltr'><strong>iniusta,</strong></span> <span class='ocrx_word' id='word_1_190' title='bbox 354 2983 454 3048; x_wconf 85' lang='lat' dir='ltr'><strong>qnam</strong></span> <span class='ocrx_word' id='word_1_191' title='bbox 475 2964 566 3028; x_wconf 86' lang='lat' dir='ltr'><strong>inter</strong></span> <span class='ocrx_word' id='word_1_192' title='bbox 588 2987 625 3027; x_wconf 89' lang='lat' dir='ltr'><strong>se</strong></span> <span class='ocrx_word' id='word_1_193' title='bbox 644 2962 699 3026; x_wconf 85' lang='lat' dir='ltr'><strong>isti</strong></span> <span class='ocrx_word' id='word_1_194' title='bbox 721 2959 875 3025; x_wconf 86' lang='lat' dir='ltr'><strong>homines</strong></span> <span class='ocrx_word' id='word_1_195' title='bbox 894 2959 1074 3046; x_wconf 81' lang='lat' dir='ltr'><strong>degebant,</strong></span> <span class='ocrx_word' id='word_1_196' title='bbox 1095 2965 1171 3032; x_wconf 72' lang='lat' dir='ltr'><strong>nita</strong></span> 
     </span>
     <span class='ocr_line' id='line_1_26' title="bbox 126 3062 1172 3154; baseline 0.001 -25"><span class='ocrx_word' id='word_1_197' title='bbox 126 3064 293 3149; x_wconf 86' lang='lat' dir='ltr'><strong>loquitur,</strong></span> <span class='ocrx_word' id='word_1_198' title='bbox 316 3065 424 3130; x_wconf 85' lang='lat' dir='ltr'><strong>verbo</strong></span> <span class='ocrx_word' id='word_1_199' title='bbox 438 3077 552 3132; x_wconf 89' lang='lat' dir='ltr'><strong>autem</strong></span> <span class='ocrx_word' id='word_1_200' title='bbox 565 3062 772 3153; x_wconf 82' lang='lat' dir='ltr'><strong>generaliori-</strong></span> <span class='ocrx_word' id='word_1_201' title='bbox 782 3067 975 3141; x_wconf 76' lang='grc' dir='ltr'><strong><em>διακεῖσθαι,</em></strong></span> <span class='ocrx_word' id='word_1_202' title='bbox 1003 3062 1172 3154; x_wconf 81' lang='lat' dir='ltr'><strong>affectum</strong></span> 
     </span>
     <span class='ocr_line' id='line_1_27' title="bbox 127 3161 1178 3262; baseline 0.003 -30"><span class='ocrx_word' id='word_1_203' title='bbox 127 3189 195 3232; x_wconf 83' lang='lat' dir='ltr'><strong>esse</strong></span> <span class='ocrx_word' id='word_1_204' title='bbox 201 3215 214 3246; x_wconf 86' lang='lat'><em>,</em></span> <span class='ocrx_word' id='word_1_205' title='bbox 239 3167 299 3232; x_wconf 92' lang='lat' dir='ltr'><strong>ubi</strong></span> <span class='ocrx_word' id='word_1_206' title='bbox 312 3167 354 3232; x_wconf 89' lang='lat' dir='ltr'><strong>de</strong></span> <span class='ocrx_word' id='word_1_207' title='bbox 367 3192 486 3236; x_wconf 87' lang='lat' dir='ltr'><strong>eorum</strong></span> <span class='ocrx_word' id='word_1_208' title='bbox 502 3193 580 3235; x_wconf 90' lang='lat' dir='ltr'><strong>cum</strong></span> <span class='ocrx_word' id='word_1_209' title='bbox 595 3168 712 3236; x_wconf 84' lang='lat' dir='ltr'><strong>ceteris</strong></span> <span class='ocrx_word' id='word_1_210' title='bbox 728 3161 856 3232; x_wconf 72' lang='lat' dir='ltr'><strong>civibus</strong></span> <span class='ocrx_word' id='word_1_211' title='bbox 870 3166 989 3252; x_wconf 85' lang='lat' dir='ltr'><strong>agendi</strong></span> <span class='ocrx_word' id='word_1_212' title='bbox 1001 3181 1034 3233; x_wconf 83' lang='lat' dir='ltr'><strong>et</strong></span> <span class='ocrx_word' id='word_1_213' title='bbox 1048 3169 1178 3262; x_wconf 31' lang='lat' dir='ltr'><strong>vicen-¹</strong></span> 
     </span>
     <span class='ocr_line' id='line_1_28' title="bbox 128 3269 1172 3358; baseline 0.007 -24"><span class='ocrx_word' id='word_1_214' title='bbox 128 3269 163 3334; x_wconf 92' lang='lat' dir='ltr'><strong>di</strong></span> <span class='ocrx_word' id='word_1_215' title='bbox 183 3269 316 3336; x_wconf 86' lang='lat' dir='ltr'><strong>ratione</strong></span> <span class='ocrx_word' id='word_1_216' title='bbox 338 3272 413 3357; x_wconf 83' lang='lat' dir='ltr'><strong>agit.</strong></span> <span class='ocrx_word' id='word_1_217' title='bbox 461 3274 582 3339; x_wconf 82' lang='lat' dir='ltr'><strong>Pateor</strong></span> <span class='ocrx_word' id='word_1_218' title='bbox 603 3296 660 3337; x_wconf 89' lang='lat' dir='ltr'><strong>me</strong></span> <span class='ocrx_word' id='word_1_219' title='bbox 681 3293 814 3358; x_wconf 88' lang='lat' dir='ltr'><strong>quoque</strong></span> <span class='ocrx_word' id='word_1_220' title='bbox 835 3269 899 3334; x_wconf 90' lang='lat' dir='ltr'><strong>boc</strong></span> <span class='ocrx_word' id='word_1_221' title='bbox 916 3269 1033 3335; x_wconf 88' lang='lat' dir='ltr'><strong>mirari</strong></span> <span class='ocrx_word' id='word_1_222' title='bbox 1048 3275 1172 3342; x_wconf 85' lang='lat' dir='ltr'><strong>verisi-</strong></span> 
     </span>
     <span class='ocr_line' id='line_1_29' title="bbox 126 3371 1174 3462; baseline 0.009 -25"><span class='ocrx_word' id='word_1_223' title='bbox 126 3371 305 3461; x_wconf 88' lang='lat' dir='ltr'><strong>miliusque</strong></span> <span class='ocrx_word' id='word_1_224' title='bbox 323 3375 408 3440; x_wconf 90' lang='lat' dir='ltr'><strong>mibi</strong></span> <span class='ocrx_word' id='word_1_225' title='bbox 429 3376 557 3462; x_wconf 88' lang='lat' dir='ltr'><strong>videri,</strong></span> <span class='ocrx_word' id='word_1_226' title='bbox 593 3376 622 3441; x_wconf 88' lang='lat' dir='ltr'><strong>si</strong></span> <span class='ocrx_word' id='word_1_227' title='bbox 648 3387 762 3442; x_wconf 85' lang='lat' dir='ltr'><strong>orator</strong></span> <span class='ocrx_word' id='word_1_228' title='bbox 782 3373 818 3438; x_wconf 90' lang='lat' dir='ltr'><strong>in</strong></span> <span class='ocrx_word' id='word_1_229' title='bbox 836 3373 901 3439; x_wconf 88' lang='lat' dir='ltr'><strong>hoc</strong></span> <span class='ocrx_word' id='word_1_230' title='bbox 924 3375 1174 3446; x_wconf 82' lang='lat' dir='ltr'><strong>enunciationis.</strong></span> 
     </span>
     <span class='ocr_line' id='line_1_30' title="bbox 126 3473 1258 3572; baseline 0.01 -30"><span class='ocrx_word' id='word_1_231' title='bbox 126 3478 283 3543; x_wconf 89' lang='lat' dir='ltr'><strong>membro</strong></span> <span class='ocrx_word' id='word_1_232' title='bbox 298 3490 438 3565; x_wconf 84' lang='lat' dir='ltr'><strong>utroque</strong></span> <span class='ocrx_word' id='word_1_233' title='bbox 452 3502 531 3544; x_wconf 88' lang='lat' dir='ltr'><strong>usus</strong></span> <span class='ocrx_word' id='word_1_234' title='bbox 546 3480 588 3544; x_wconf 82' lang='lat' dir='ltr'><strong>sit</strong></span> <span class='ocrx_word' id='word_1_235' title='bbox 603 3481 720 3560; x_wconf 88' lang='lat' dir='ltr'><strong>verbo,</strong></span> <span class='ocrx_word' id='word_1_236' title='bbox 744 3479 941 3542; x_wconf 79' lang='lat' dir='ltr'><strong>eumverbo</strong></span> <span class='ocrx_word' id='word_1_237' title='bbox 959 3473 1175 3572; x_wconf 60' lang='grc' dir='ltr'><strong><em>ποριτεόεσθαι</em></strong></span> <span class='ocrx_word' id='word_1_238' title='bbox 1254 3486 1258 3494; x_wconf 85' lang='grc'><em>’</em></span> 
     </span>
     <span class='ocr_line' id='line_1_31' title="bbox 127 3572 1175 3672; baseline 0.01 -30"><span class='ocrx_word' id='word_1_239' title='bbox 127 3578 420 3666; x_wconf 83' lang='lat' dir='ltr'><strong>prioremlocum,</strong></span> <span class='ocrx_word' id='word_1_240' title='bbox 449 3583 671 3672; x_wconf 77' lang='lat' dir='ltr'><strong>posteriorem</strong></span> <span class='ocrx_word' id='word_1_241' title='bbox 685 3581 792 3645; x_wconf 87' lang='lat' dir='ltr'><strong>verbo</strong></span> <span class='ocrx_word' id='word_1_242' title='bbox 814 3572 990 3647; x_wconf 80' lang='grc' dir='ltr'><strong><em>διακεῖόδαι</em></strong></span> <span class='ocrx_word' id='word_1_243' title='bbox 1004 3572 1175 3672; x_wconf 69' lang='lat' dir='ltr'><strong>designas-</strong></span> 
     </span>
     <span class='ocr_line' id='line_1_32' title="bbox 127 3683 1174 3768; baseline 0.01 -23"><span class='ocrx_word' id='word_1_244' title='bbox 127 3704 173 3746; x_wconf 86' lang='lat' dir='ltr'><strong>se.</strong></span> <span class='ocrx_word' id='word_1_245' title='bbox 223 3683 353 3752; x_wconf 87' lang='lat' dir='ltr'><strong>Verum</strong></span> <span class='ocrx_word' id='word_1_246' title='bbox 378 3685 529 3752; x_wconf 82' lang='lat' dir='ltr'><strong>fortassis</strong></span> <span class='ocrx_word' id='word_1_247' title='bbox 557 3685 697 3751; x_wconf 88' lang='lat' dir='ltr'><strong>omnino</strong></span> <span class='ocrx_word' id='word_1_248' title='bbox 722 3707 798 3766; x_wconf 82' lang='lat' dir='ltr'><strong>non</strong></span> <span class='ocrx_word' id='word_1_249' title='bbox 820 3695 1003 3768; x_wconf 77' lang='lat' dir='ltr'><strong>utrumque</strong></span> <span class='ocrx_word' id='word_1_250' title='bbox 1029 3693 1174 3760; x_wconf 84' lang='lat' dir='ltr'><strong>verbum</strong></span> 
     </span>
     <span class='ocr_line' id='line_1_33' title="bbox 128 3783 1173 3878; baseline 0.013 -30"><span class='ocrx_word' id='word_1_251' title='bbox 128 3783 193 3849; x_wconf 93' lang='lat' dir='ltr'><strong>hoc</strong></span> <span class='ocrx_word' id='word_1_252' title='bbox 208 3785 244 3850; x_wconf 92' lang='lat' dir='ltr'><strong>in</strong></span> <span class='ocrx_word' id='word_1_253' title='bbox 257 3789 332 3853; x_wconf 82' lang='lat' dir='ltr'><strong>colo</strong></span> <span class='ocrx_word' id='word_1_254' title='bbox 344 3811 414 3854; x_wconf 89' lang='lat' dir='ltr'><strong>nna</strong></span> <span class='ocrx_word' id='word_1_255' title='bbox 427 3790 626 3878; x_wconf 87' lang='lat' dir='ltr'><strong>usurpavit,</strong></span> <span class='ocrx_word' id='word_1_256' title='bbox 655 3786 714 3852; x_wconf 87' lang='lat' dir='ltr'><strong>sed</strong></span> <span class='ocrx_word' id='word_1_257' title='bbox 730 3784 825 3874; x_wconf 88' lang='lat' dir='ltr'><strong>prius</strong></span> <span class='ocrx_word' id='word_1_258' title='bbox 841 3796 971 3852; x_wconf 72' lang='lat' dir='ltr'><strong>tantum</strong></span> <span class='ocrx_word' id='word_1_259' title='bbox 985 3794 1173 3869; x_wconf 73' lang='grc' dir='ltr'><strong><em>διακεῖσθαι.</em></strong></span> 
     </span>
     <span class='ocr_line' id='line_1_34' title="bbox 129 3884 1176 3980; baseline 0.009 -27"><span class='ocrx_word' id='word_1_260' title='bbox 129 3886 244 3956; x_wconf 89' lang='lat' dir='ltr'><strong>Verba</strong></span> <span class='ocrx_word' id='word_1_261' title='bbox 264 3889 310 3954; x_wconf 90' lang='lat' dir='ltr'><strong>sic</strong></span> <span class='ocrx_word' id='word_1_262' title='bbox 332 3893 467 3959; x_wconf 79' lang='lat' dir='ltr'><strong>videtur</strong></span> <span class='ocrx_word' id='word_1_263' title='bbox 488 3892 696 3958; x_wconf 85' lang='lat' dir='ltr'><strong>distinxisse:</strong></span> <span class='ocrx_word' id='word_1_264' title='bbox 725 3884 839 3964; x_wconf 72' lang='grc' dir='ltr'><strong><em>ἀδίκως</em></strong></span> <span class='ocrx_word' id='word_1_265' title='bbox 853 3893 906 3956; x_wconf 76' lang='grc' dir='ltr'><strong><em>καὶ</em></strong></span> <span class='ocrx_word' id='word_1_266' title='bbox 920 3888 1105 3980; x_wconf 83' lang='grc' dir='ltr'><strong><em>παρανόμως</em></strong></span> <span class='ocrx_word' id='word_1_267' title='bbox 1122 3902 1176 3967; x_wconf 72' lang='grc' dir='ltr'><strong><em>καὶ</em></strong></span> 
     </span>
     <span class='ocr_line' id='line_1_35' title="bbox 130 3986 1282 4087; baseline 0.007 -31"><span class='ocrx_word' id='word_1_268' title='bbox 130 3987 211 4079; x_wconf 85' lang='grc' dir='ltr'><strong><em>πρός</em></strong></span> <span class='ocrx_word' id='word_1_269' title='bbox 232 3986 306 4068; x_wconf 79' lang='grc' dir='ltr'><strong><em>τούς</em></strong></span> <span class='ocrx_word' id='word_1_270' title='bbox 329 3991 438 4070; x_wconf 74' lang='grc' dir='ltr'><strong><em>ἄλλους</em></strong></span> <span class='ocrx_word' id='word_1_271' title='bbox 458 4005 641 4087; x_wconf 78' lang='grc' dir='ltr'><strong><em>διακείμενοι</em></strong></span> <span class='ocrx_word' id='word_1_272' title='bbox 663 3997 715 4061; x_wconf 72' lang='grc' dir='ltr'><strong><em>καὶ</em></strong></span> <span class='ocrx_word' id='word_1_273' title='bbox 736 3986 816 4078; x_wconf 84' lang='grc' dir='ltr'><strong><em>πρός</em></strong></span> <span class='ocrx_word' id='word_1_274' title='bbox 837 3994 917 4077; x_wconf 78' lang='grc' dir='ltr'><strong><em>σφᾶς</em></strong></span> <span class='ocrx_word' id='word_1_275' title='bbox 934 3990 1066 4079; x_wconf 72' lang='lat' dir='ltr'><strong>nicode,</strong></span> <span class='ocrx_word' id='word_1_276' title='bbox 1087 4013 1181 4087; x_wconf 74' lang='grc' dir='ltr'><strong>πολι..Ι</strong></span> <span class='ocrx_word' id='word_1_277' title='bbox 1279 3988 1282 3993; x_wconf 52' lang='grc'><strong>’</strong></span> 
     </span>
     <span class='ocr_line' id='line_1_36' title="bbox 131 4089 1176 4198; baseline 0.011 -35"><span class='ocrx_word' id='word_1_278' title='bbox 131 4089 285 4184; x_wconf 73' lang='grc' dir='ltr'><strong><em>πιόμενοι</em></strong></span> <span class='ocrx_word' id='word_1_279' title='bbox 305 4093 446 4184; x_wconf 74' lang='grc' dir='ltr'><strong><em>οὐδεμιᾶς</em></strong></span> <span class='ocrx_word' id='word_1_280' title='bbox 467 4097 579 4189; x_wconf 70' lang='grc' dir='ltr'><strong><em>τόλμης</em></strong></span> <span class='ocrx_word' id='word_1_281' title='bbox 601 4094 780 4190; x_wconf 75' lang='grc' dir='ltr'><strong><em>ἀπεχόμενοι</em></strong></span> <span class='ocrx_word' id='word_1_282' title='bbox 799 4091 871 4171; x_wconf 68' lang='grc' dir='ltr'><strong><em>οὐδὲ</em></strong></span> <span class='ocrx_word' id='word_1_283' title='bbox 892 4126 921 4171; x_wconf 85' lang='grc' dir='ltr'><strong>κ.</strong></span> <span class='ocrx_word' id='word_1_284' title='bbox 942 4111 1011 4175; x_wconf 67' lang='grc' dir='ltr'><strong>αὶ.</strong></span> <span class='ocrx_word' id='word_1_285' title='bbox 1058 4106 1176 4198; x_wconf 77' lang='lat' dir='ltr'><strong>Copu-</strong></span> 
     </span>
    </p>
   </div>
   <div class='ocr_carea' id='block_1_5' title="bbox 0 0 1369 4980">
    <p class='ocr_par' dir='ltr' id='par_1_5' title="bbox 0 0 1369 4980">
     <span class='ocr_line' id='line_1_37' title="bbox 0 0 1369 4980; baseline 0 0"><span class='ocrx_word' id='word_1_286' title='bbox 0 0 1369 4980; x_wconf 95' lang='lat' dir='ltr'><strong> </strong></span> 
     </span>
    </p>
   </div>
  </div>
 </body>
</html>
