2700 4980
415 418 754 556 Ἀει-

101 687 178 754 Istis
209 685 300 752 enim
326 681 439 751 verbis
467 687 521 750 καῖ
539 685 600 767 dud
623 684 678 768 μὲν
699 686 744 758 εἰς
762 683 905 773 &retias
924 681 1090 769 ἐξέπεμψεν
1109 683 1145 750 in

101 791 298 856 universum
320 786 384 851 hoo
399 798 529 851 tantum
554 788 634 851 dicit
654 798 785 867 orator,
807 809 843 852 se
860 799 988 875 epatre
1007 786 1043 851 in
1058 787 1145 852 sici-

100 894 180 960 liam
204 890 368 957 militandi
392 912 507 956 caussa
528 913 598 955 esse
615 889 772 973 missum:
795 885 1071 989 subsequentibus
1084 915 1146 958 au-

101 1007 189 1077 tem,
210 1018 244 1059 se
264 995 359 1082 prius
375 992 421 1059 ibi
436 995 526 1060 inter
542 994 669 1079 equites
683 991 848 1081 stipendia
862 992 1040 1058 metuisse:
1065 1017 1146 1082 qno

46 1099 48 1103 ’
101 1099 244 1164 animo
280 1108 422 1177 autem
449 1096 512 1162 ibi
541 1117 693 1179 essem,
728 1095 1151 1180 equitibusa'dscri·¹
1214 1184 1219 1193 Ι

100 1214 217 1292 ptus,
254 1201 390 1266 donee
410 1198 571 1279 'salvus
598 1211 690 1263 erat
720 1198 963 1277 exercitus,¹
993 1201 1143 1271 videre

97 1330 184 1372 non
207 1303 432 1395 poteratis.
468 1301 611 1391 Proprie
629 1299 765 1386 quidem
781 1300 884 1367 verba
896 1302 945 1368 ita·
958 1304 1144 1376 ordinanda

96 1420 210 1474 'erantt
230 1402 303 1474 ὥστ’
324 1408 438 1474 εἰδέναι
460 1411 527 1482 οἶος
548 1398 607 1491 ἐγώ
627 1405 850 1490 κατειλεγμένος
870 1402 1008 1493 εἰςεούς
1029 1415 1143 1491 ἱππέας

99 1502 139 1593 ἦν
160 1505 219 1592 τήν·
239 1505 361 1599 turpia:
384 1510 441 1576 sed
463 1509 551 1596 quia¹
563 1507 713 1594 equestri
729 1502 1020 1597 militiae'pm'thao
1038 1516 1145 1604 pede.

99 1616 176 1682 stris
198 1616 401 1704 opponitur,
431 1616 512 1681 noto
536 1611 731 1677 Graecismo
752 1634 807 1676 vv.
824 1619 1024 1700 αανειλενμὲν.
1047 1627 1098 1698 εἰς
1112 1620 1147 1691 12¹

100 1730 169 1789 ἱππ.
199 1721 305 1785 verbo
334 1721 448 1788 εἰδέναι
462 1796 464 1800 ,
478 1729 557 1781 sunt
583 1713 747 1778 adiuncta·
775 1748 820 1763 ··-
863 1714 933 1779 lam
955 1734 1141 1807 sequuntur

97 1824 198 1890 haec:
222 1818 326 1904 ε’πειδῆ
348 1826 382 1892 δὲ
404 1813 631 1907 deusdonam*
648 1810 793 1898 ἆνεοῶθη
812 1823 856 1894 εἰς
875 1814 961 1907 [τήν]
984 1820 1138 1913 Κατάνην,

95 1919 265 2011 ἠλπιζόμην
298 1922 652 2015 ὁρμώμενοοέντεῦθεν.
707 1920 775 1986 Ηίο
804 1935 892 1989 recte
921 1926 1075 1999 Reiskius
1105 1949 1142 2005 οἶ

26 2034 33 2047 “
93 2032 265 2097 Bekkerus
281 2045 352 2096 tum
370 2025 533 2107 ἀνεσώθην
550 2026 770 2114 scripserunt,
793 2036 865 2090 tum
879 2021 1045 2118 dindimo
1059 2063 1138 2107 sua.

97 2133 196 2198 dente
224 2135 256 2197 Τ
258 2133 374 2219 ayloro
396 2131 434 2197 in
456 2126 615 2215 ἕληὶΐὸμην
637 2140 825 2195 mutarunt:
855 2155 917 2224 neo
937 2160 1070 2207 necesse
1090 2156 1141 2213 est

98 2234 235 2301 uberius
254 2248 286 2300 et
304 2233 408 2300 fusius
423 2232 473 2297 bis
489 2233 530 2298 de
544 2233 784 2299 mutationibus
798 2231 965 2304 disseram.
1009 2241 1141 2314 Trans-,³

34 2344 37 2349 '
98 2346 138 2404 eo
162 2336 204 2402 nd
231 2339 378 2423 reliqua.
408 2342 461 2403 ναι
484 2330 588 2416 insidii
609 2340 781 2403 Καταναῖοι
803 2331 973 2423 η’νάνιιαζον
995 2343 1139 2433 ἱππεύειν

96 2450 226 2508 ἵππευον
247 2468 298 2508 uos
291 2432 439 2514 οὐδενος·
460 2431 525 2507 ovd
544 2439 688 2506 ἐνταῦθα
700 2432 841 2507 κινδύνου
859 2436 1056 2532 eistetensium.
1099 2456 1140 2524 In

95 2545 148 2611 his
177 2543 316 2610 omnino
349 2555 482 2632 oportet
509 2542 617 2608 inesse
641 2540 848 2609 mentionem
877 2548 1015 2617 militiae
1030 2557 1143 2645 pedess

97 2648 193 2730 stris,
216 2667 317 2733 quam
341 2658 437 2712 antea
456 2644 608 2712 nondum
631 2656 707 2733 apte
726 2662 989 2721 commemorare
1009 2671 1141 2748 poterat
1203 2644 1206 2651 ⁴

98 2764 230 2830 orator,
255 2771 443 2815 memorare
458 2766 569 2816 autem
584 2747 698 2827 debet,
720 2760 758 2814 ut
773 2772 875 2838 supra
891 2754 999 2823 docui.
1032 2761 1139 2849 Igitur

96 2855 202 2920 verba
229 2859 361 2918 ἵππευον
382 2858 451 2936 ναί,
482 2874 569 2939 quae
597 2849 756 2915 absunta
779 2852 893 2920 codice
913 2857 1139 2934 Laurentiano

97 2960 249 3045 quaeque
261 2956 432 3020 Bekkerus
448 2953 580 3019 uncinis
588 2952 812 3022 'circumdedit
818 3005 831 3035 ,
853 2959 952 3046 plane
973 2964 1140 3036 deleamus

98 3072 132 3124 et
150 3082 214 3146 pro
242 3050 378 3126 ἱππεύειν
397 3057 580 3122 scribamus
599 3048 835 3125 ὁπλιτεύειν.
878 3064 968 3129 Tum
992 3067 1142 3152 demum,
1225 3068 1226 3072 ¹

97 3174 200 3251 puto,
231 3162 324 3226 locus
352 3170 545 3250 persanatus
568 3158 641 3224 erit.
685 3161 766 3243 „Et
788 3184 911 3248 quum
934 3169 1142 3242 catanaei

96 3288 160 3332 me
181 3274 389 3349 cogerent
411 3261 593 3351 pedibus
615 3284 800 3346 merere,
820 3268 984 3336 nullum
1005 3297 1055 3340 ne
1074 3277 1142 3343 hic

97 3366 272 3453 quidem
297 3365 540 3456 periculum
570 3363 839 3454 subterfugi.
868 3370 931 3439 ita
962 3388 1012 3443 ut
1025 3377 1142 3447 inter

98 3491 241 3534 omnes
264 3477 508 3586 constaretz
526 3488 607 3552 quo
629 3469 766 3534 animo
790 3494 922 3540 essem
943 3491 983 3545 et
1002 3478 1047 3567 in
1063 3483 1143 3547 mi-

94 3571 195 3636 litia
214 3571 416 3657 equestri
438 3584 477 3638 et
497 3570 541 3636 in
562 3570 768 3660 pedestri
810 3575 966 3664 Denique
983 3579 1145 3672 antennis

95 3699 170 3748 τους
197 3700 358 3761 μαρτυρας
379 3675 483 3739 verba
504 3677 557 3740 ναὶ
576 3667 658 3762 Ινπὲρ
679 3668 812 3754 τούτων,
847 3701 932 3765 quae
955 3699 992 3752 ut
1011 3699 1144 3756 antece
1145 3684 1150 3702 ⁸

95 3776 248 3842 dentibus
282 3781 336 3843 καὶ
364 3768 533 3844 οπλιιενων
562 3800 633 3845 nun
663 3777 836 3846 dissimilia
865 3807 884 3846 a
911 3776 1056 3852 librmiis
1083 3815 1145 3856 ne·

90 3866 296 3967 gligentibus
326 3881 446 3944 omissa
473 3893 569 3961 sunt,
602 3902 621 3944 e
643 3878 813 3948 codreeC
833 3883 1008 3957 inserenda
1027 3908 1144 3963 ertum

93 3983 129 4049 id
161 3980 252 4079 quod
273 3981 454 4048 rectissime
476 3981 544 4048 iam
553 3980 652 4050 'fecit
672 3985 884 4055 Bekkerus..

724 4241 798 4310 Dr
