2700 4980
440 345 812 462 --ιις

156 589 238 661 ortis
254 587 340 655 alter
351 583 494 650 alterum
508 583 551 649 ad
566 576 876 679 permutationem
859 586 1026 657 bonorum
1043 603 1075 658 et
1092 570 1204 663 facul

128 698 263 766 'tatum
280 687 400 772 adegit
443 687 498 781 (V.
514 689 657 755 Platner.
678 690 773 756 Proc.
796 691 837 757 Τ.
859 690 904 759 Il.
895 716 960 779 p.
980 697 1050 760 108.
1068 695 1200 764 Biicklr.

154 799 199 867 V.
227 793 279 863 Ol.
309 791 369 857 lib.
396 789 438 855 de
459 776 588 857 Oecon.
610 793 683 860 civ.-
694 791 896 859 Atheniens.
917 796 960 860 Τ.
981 795 1026 864 II.
1055 821 1091 886 p.
1081 801 1201 890 Aua)

153 898 274 969 Gratia
290 906 404 960 tamen
417 892 603 960 amicorum
621 918 723 986 opera
737 895 896 963 intereos
911 900 1130 989 composita
1107 917 1200 970 uter-

152 1026 219 1092 que
239 996 336 1067 alteri
353 995 511 1068 reddebat
533 1017 618 1083 quae
637 980 826 1089 ademerat,
843 1013 1015 1116 ‘excepta
1011 1002 1074 1071 ieta
1091 1027 1201 1087 sorva,

42 1108 49 1122 ⁰
93 1131 95 1135 ·
151 1125 253 1194 quam
272 1100 346 1181 ille,
377 1097 537 1169 adversus
556 1121 657 1186 quem
671 1101 752 1168 haec
767 1101 874 1169 oratio
887 1115 938 1169 est
952 1103 1094 1190 habita,¹
1104 1107 1201 1177 domi

153 1206 243 1300 apud
274 1226 310 1268 se
340 1200 517 1268 retinebat.
570 1203 802 1290 Quamobrem
832 1204 942 1271 denuo
969 1208 1203 1278 controversia

152 1313 241 1381 facta
270 1305 353 1372 alter
381 1306 432 1371 illi
461 1307 603 1373 vulnera
629 1308 793 1376 nonnulla
813 1307 958 1375 inflixit·
993 1327 1205 1402 quapropter

151 1405 328 1505 τραύματος
350 1410 385 1476 ἐκ
400 1414 551 1495 noneolas·
563 1411 766 1499 postulatus,
794 1434 866 1478 sese
880 1408 1030 1479 defendis
1043 1414 1105 1480 hac
1119 1439 1203 1483 ora-

123 1520 263 1600 tione,
292 1512 342 1578 sio
368 1535 526 1578 exorsust
559 1506 744 1600 Θαυμαστόν
764 1541 812 1602 73,
839 1500 864 1579 oi
860 1507 999 1636 εβουλη,
1028 1544 1064 1584 το
1056 1511 1199 1606 διαμέ-

47 1672 49 1677 s
151 1631 265 1712 χεσθαι
286 1619 358 1703 περι
383 1609 512 1695 τούτου,
539 1609 581 1693 oie
608 1642 665 1683 ουκ
688 1619 827 1705 ἐγένοντο
849 1610 924 1702 ημῖν
940 1624 1115 1706 διαλλαγαὶ,
1144 1626 1197 1747 aad
1269 1634 1272 1639 ’

151 1752 193 1849 τι
210 1727 268 1811 μὲν
287 1721 390 1806 ζεῦγος
416 1723 469 1786 nol
495 1749 536 1787 τα
526 1712 738 1843 dedndnoda
764 1725 818 1789 καῖ
843 1718 903 1790 ὅσα
929 1724 963 1801 ἐξ
991 1716 1089 1811 ἀγροῦ
1116 1719 1199 1795 κατιῖ

151 1823 212 1911 ule
238 1822 396 1895 elucidante
423 1822 530 1909 ἔλαβε,
557 1817 601 1907 μή
631 1818 670 1891 dv
696 1815 850 1893 ditandus
877 1820 1056 1915 ἀρνηθῆναι
1073 1820 1116 1904 oie
1136 1825 1196 1900 oda

150 1927 307 2029 ἆπείωκε,
338 1929 477 2047 daedale
505 1928 539 1994 δὲ
562 1930 634 2016 περῖ
655 1921 779 1996 πάντων
800 1933 1011 2015 διαλελυμένον
1030 1924 1200 2020 inscindat.

150 2030 193 2106 vd
219 2035 291 2120 περὶ
312 2029 375 2110 ,τῆς
402 2022 573 2119 ἀνθρώπου
601 2061 642 2119 μη
665 2034 754 2124 κοινῇ
777 2023 857 2116 ημᾶς
875 2033 1015 2121 χρῆσθιιι
1036 2034 1196 2122 monsi-
1258 2056 1261 2061 ’

150 2167 212 2210 σαι.
250 2128 582 2221 'Eleus—duddan
579 2157 656 2203 cum
670 2104 783 2201 codice
797 2137 1089 2219 LaurentianoC„
1105 2137 1199 2203 libro

69 2326 73 2335 ι
149 2236 450 2334 praestantissimo,
479 2238 606 2327 scripsi.
653 2235 955 2327 ἝλαβιΡιιοιοιειι
968 2241 1018 2309 M.
1033 2252 1067 2313 et
1080 2241 1124 2307 Ο.
1137 2239 1199 2306 vi·-¹

150 2347 273 2414 dentur
286 2341 442 2424 habere3
452 2333 592 2409 ἀπέδωκε
604 2341 684 2410 Ald.
702 2355 734 2409 et
747 2341 861 2429 steph
906 2343 1079 2411 Sententia
1099 2344 1195 2410 Or·a

149 2448 232 2519 toris
260 2455 309 2512 est
330 2443 431 2508 haec.
458 2442 620 2512 Mirum
646 2457 764 2512 certe
786 2457 868 2526 est,
897 2443 1024 2512 istum
1045 2446 1094 2512 de
1114 2445 1194 2512 hoc

150 2547 432 2631 contendere,
464 2570 540 2612 nos
568 2547 742 2617 minime
762 2548 803 2614 in
824 2547 1006 2634 gratiam
1026 2549 1196 2616 rediis-

148 2679 223 2736 se,
239 2665 368 2737 atque
396 2671 522 2736 quum
549 2674 624 2741 par
648 2652 774 2718 boum
794 2662 1036 2735 aratorum,
1072 2674 1194 2717 man-

149 2754 270 2846 oipia
290 2764 331 2819 et
351 2751 634 2840 quaeeunque
663 2777 715 2820 ex
732 2774 835 2840 agro
858 2755 1091 2823 secundum
1114 2756 1195 2821 bo-

146 2880 299 2930 norum
321 2855 690 2944 permutationem
710 2868 953 2946 acceperat,
975 2881 1019 2922 se
1039 2857 1194 2922 reddi-

147 2962 261 3032 disse
288 2957 401 3029 mihi
430 2980 588 3045 negare
621 2973 823 3047 nequeat,
856 2960 928 3027 sed
955 2958 1194 3027 manifesto·

147 3068 197 3136 de
216 3061 414 3135 omnibus
435 3061 573 3146 gratia
592 3063 648 3129 sit
668 3064 921 3154 composita,
942 3059 1085 3144 tamen
1106 3084 1192 3128 una

147 3170 198 3238 de
217 3187 344 3237 serva
369 3161 567 3232 infitiari
595 3165 713 3233 inter
735 3189 813 3234 nos
834 3167 1109 3250 convenisse,
1145 3176 1192 3231 ut

96 3286 99 3294 '
145 3270 392 3363 promiscue
425 3268 547 3334 ambo
582 3293 629 3335 ea
665 3282 897 3336 uteremur.
962 3270 1081 3356 Quum
1106 3290 1190 3334 vero

145 3376 303 3445 Raiskius
319 3371 526 3460 Taylorum,
557 3372 616 3456 qui
643 3371 753 3460 ἔλαβεν
771 3373 827 3460 (de
847 3371 967 3459 Scalig.
987 3365 1193 3457 coniectura)

145 3471 357 3545 -ἆπέδωκε
385 3475 538 3592 dederat,
568 3474 670 3542 etiam
696 3477 898 3543 eonomine
920 3471 1192 3589 reurehenderet,
1231 3462 1232 3467 ἵ

146 3581 234 3670 quod
245 3578 423 3646 lectionem
433 3601 485 3645 ret
497 3587 606 3664 gestae
617 3578 867 3646 adversantem
856 3575 1053 3645 mvexlssel:
1074 3595 1193 3643 meum

145 3683 210 3752 erit
226 3681 291 3748 hoc
314 3679 441 3748 crim0n
461 3678 598 3746 diluere.
643 3681 740 3747 Nihil
760 3681 890 3746 facilius
911 3688 970 3742 est.
1013 3665 1204 3743 Reisliium·

145 3788 180 3855 id
196 3803 278 3875 puto
293 3783 380 3850 male
393 3782 511 3849 habuis
498 3805 565 3864 sse,
589 3784 697 3871 quod,
722 3807 827 3871 quum
842 3783 970 3849 Orator
981 3790 1078 3846 antea
1096 3777 1191 3844 rele-

144 3905 218 3974 rat,
242 3901 390 3955 actorem
408 3885 524 3951 omnia
543 3887 710 3978 mancipia
731 3885 930 3969 reddidisse,
954 3883 1075 3950 deinde
1090 3898 1190 3947 serva

144 3995 201 4062 illa
222 3992 264 4060 ab
289 4014 329 4056 eo
346 3989 422 4077 ipso
441 4000 571 4056 retenta
586 4013 657 4057 esse
670 3991 807 4056 dicatur.
849 3990 901 4056 At
914 3988 976 4055 ista
992 3985 1191 4052 muliercula

103 4188 106 4194 ἱ
144 4120 215 4165 uon
236 4094 340 4164 estin
359 4092 456 4158 bonis
476 4093 703 4174 numeranda,
731 4113 817 4179 quae
838 4103 897 4160 aut
916 4091 1008 4158 solus
1029 4086 1204 4155 defensor-

1128 4200 1189 4254 aut
