2700 4980
600 401 854 478 ..ὅθ-.-

153 663 158 679 ,
196 608 275 670 rum
287 614 403 692 postea
420 599 462 666 de
474 597 574 665 simili
597 599 696 666 huius
717 601 780 667 loci
793 601 1072 689 interpretatione
1085 602 1245 687 cogitasse

196 718 397 793 argumento
418 728 489 770 esse
507 717 650 792 possunt
670 724 756 787 quae
769 706 856 771 dixit
868 707 905 770 in
919 706 1000 792 Lys.
1015 704 1092 768 edit.
1107 704 1242 789 minori,
1271 692 1274 703 ¹

196 810 352 891 Cantabr.
371 806 474 872 1⁷40.
486 812 516 873 8.
538 811 607 873 Καί
624 807 656 872 h.
678 808 701 873 l.
724 819 773 873 est
792 819 825 873 et
845 807 1000 895 quidem,
1017 833 1154 896 >coquet
1184 812 1242 896 qui

173 985 175 989 ,
195 936 275 979 usus
294 911 396 996 huius
416 909 601 998 particulae
622 933 692 975 non
708 909 980 997 infrequensest.
1004 913 1179 977 Demosth.
1199 914 1241 1030 de

181 1015 308 1086 ,Rhod
329 1015 452 1080 libert.
459 1011 492 1096 §.
509 1012 556 1077 15
578 1007 679 1097 παρόν
694 1007 799 1088 αυτοῖς
808 1010 932 1094 Έλληνι
953 1044 1003 1082 και
997 1020 1169 1100 βελτίοσιν
1184 1011 1241 1082 οὗ·

193 1119 257 1186 τῶν
269 1112 345 1202 sipia
366 1121 434 1194 ἕξ’
419 1142 489 1182 ισου
510 1120 684 1203 συμμαχεῖν.
715 1115 858 1202 Olynth.
883 1113 909 1183 Ι.
933 1119 962 1202 §.
977 1124 1030 1183 22.
1057 1120 1156 1185 τοῦτο
1178 1113 1238 1208 yoip

193 1219 312 1289 ἄπιστα
330 1222 414 1306 μίν
421 1205 461 1300 ἦν
485 1212 596 1297 δήπου
621 1214 966 1304 obstinatissima
985 1213 1175 1310 ἀνθρώποις.
1203 1245 1238 1287 v.
1303 1218 1306 1226 ’

191 1324 346 1392 Schaef.
338 1347 374 1389 ln
388 1323 518 1411 Appar
533 1321 615 1389 crit.
627 1323 670 1390 'tt
684 1323 711 1387 Ι.
727 1324 844 1409 part.
861 1336 895 1388 et
908 1331 980 1392 821
996 1326 1037 1393 T.
1047 1327 1106 1394 lv.
1097 1351 1153 1417 .p.
1145 1327 1238 1397 .568.

193 1442 229 1496 et
243 1429 279 1494 in
292 1427 368 1493 lnd.
381 1426 422 1492 ad
437 1427 581 1512 Gregor.
598 1425 750 1494 Corinth.
764 1449 798 1514 p.
813 1431 885 1495 985.
906 1429 985 1494 etc.
1006 1481 1008 1485 ,

198 1668 200 1673 -
238 1584 342 1696 ora.
356 1624 491 1691 funeas.
512 1625 542 1709 t.
565 1630 617 1690 aa.
640 1625 703 1690 nx.
717 1586 756 1713 p.
776 1617 892 1692 scu.

88 1764 94 1769 -
196 1798 199 1803 ,
281 1728 516 1795 -Celebrat‘hic
532 1729 927 1795 OratorAtheniensium
941 1727 1115 1816 virtutem,
1132 1751 1234 1818 quam

188 1833 227 1901 in
248 1833 338 1903 hello
358 1853 435 1895 cum
454 1830 563 1897 Persis
583 1844 675 1917 gesto
689 1832 914 1898 exhibuerint.
959 1833 1062 1900 Asiae
1074 1858 1157 1918 rex,
1178 1836 1234 1900 in·

78 2022 81 2027 ·
123 2015 126 2022 Ι
190 1937 278 2024 quit,
309 1935 540 2022 praesentibus
563 1935 660 2000 bonis
683 1958 754 1999 non
767 1946 948 2001 contentus
963 1938 1139 2027 Europam
1152 1962 1234 2026 spc-

188 2064 268 2108 rans
286 2063 322 2105 se
337 2037 400 2104 sibi
421 2033 648 2103 subiecturum
669 2063 740 2106 esse
759 2039 933 2124 ingentem
946 2041 1124 2106 hominum
1140 2041 1233 2106 mul·
1256 2055 1257 2059 ’

188 2143 371 2216 titudinem
385 2141 451 2206 huc
465 2141 567 2207 misit.
612 2143 660 2206 Hi
676 2142 846 2225 arbitrati,
874 2157 1025 2209 nostram
1040 2144 1157 2209 urbem
1173 2156 1232 2208 so·-

160 2233 163 2239 “
187 2249 258 2315 lam
280 2245 316 2310 si'
329 2255 386 2310 aut
400 2244 572 2311 volentem
586 2245 648 2312 sibi
663 2246 808 2312 amicitia
821 2245 1054 2319 adiunxissent
1068 2259 1126 2312 aut
1138 2245 1232 2313 invi·
1289 2251 1292 2258 ’

188 2364 261 2418 tam
280 2349 318 2414 in
336 2359 536 2436 potestatem
560 2369 656 2415 suam
678 2350 902 2435 redegissent,
931 2349 1031 2418 facile
1045 2374 1080 2416 se
1092 2351 1230 2436 reliquis

189 2451 328 2519 Graecis
354 2449 581 2539 imperaturos
612 2474 710 2529 esse,-
739 2451 781 2517 ad
809 2453 1048 2520 Marathonem
1070 2453 1232 2518 escende-

186 2568 283 2642 runt,
312 2552 558 2640 existimantes,
588 2556 635 2621 ita
656 2553 802 2621 Graecos
822 2557 1112 2623 maximeasociis
1127 2555 1232 2620 desti-

153 2688 156 2695 ’
186 2675 279 2729 tutos
296 2680 495 2746 oppressum
509 2658 568 2741 iri,
590 2659 639 2737 si,
667 2657 809 2725 Graecia
822 2661 896 2748 ipsa
913 2660 1021 2726 adhuc
1034 2683 1147 2726 secum
1162 2659 1230 2723 dis-

186 2765 318 2835 sidente
342 2773 374 2827 et
401 2761 443 2825 de
470 2762 603 2849 optima
626 2761 773 2828 hostium
797 2762 1075 2850 depellendorum
1098 2762 1231 2828 ratione

186 2867 388 2953 ambigente,
409 2863 446 2928 in
459 2863 639 2932 discrimen
653 2865 912 2931 adducerentur.
951 2868 1129 2934 Praeterea
1140 2865 1230 2931 hanc

187 2973 231 3039 de
254 2982 372 3037 nostra
400 2967 534 3032 civitate
562 2967 757 3055 opinionem
785 2968 905 3036 animis
938 2970 1180 3053 imbiberant„
1200 2966 1229 3032 si

186 3097 290 3162 quam
310 3073 410 3138 aliam
433 3071 551 3136 urbem
574 3070 668 3160 prius
690 3071 966 3158 aggrederentur,
995 3074 1058 3141 sibi
1071 3096 1148 3138 cum
1166 3072 1228 3136 hac

186 3189 222 3243 et
234 3173 496 3245 Atheniensibus
512 3172 752 3241 decertandum
770 3176 861 3240 fore:
890 3189 1049 3266 prompte
1065 3177 1158 3243 enim
1172 3198 1229 3240 eos

185 3279 310 3347 iniuria
330 3275 455 3342 affectis
478 3301 576 3393 opem
594 3301 664 3343 esse
675 3279 821 3345 laturos:
850 3279 911 3344 hos
929 3290 1042 3346 autem
1056 3281 1085 3346 si
1097 3280 1227 3368 primos

182 3382 408 3461 invaderent,
442 3381 614 3445 neminem
641 3380 851 3469 reliquorum
881 3380 1092 3450 Graecorum
1114 3381 1226 3448 studio

183 3485 343 3558 servandi
364 3482 446 3548 alios
461 3503 621 3548 ausurum
636 3506 706 3550 esse
720 3484 915 3552 manifestas
929 3489 1095 3575 suscipere
1107 3483 1226 3550 inimi-

103 3610 106 3615 *
183 3588 285 3654 citias.
345 3595 387 3654 Oi
409 3589 465 3669 μὲν
491 3588 596 3653 τοίνυν
614 3590 743 3655 τοιαῦτα
764 3590 949 3657 διενοοῦντο
986 3600 1016 3657 οἱ
1035 3580 1102 3657 d
1081 3588 1225 3673 ημέτεροι

184 3684 334 3780 πρόγονοι
354 3683 391 3755 οὗ
410 3691 542 3776 λογισμῷ
563 3684 715 3767 εἰδότες
735 3719 808 3767 τους
832 3695 865 3757 ἰν
891 3693 937 3775 τῷ
968 3699 1090 3782 πολέμῳ
1120 3687 1226 3763 νινὸν·

183 3821 271 3871 σονς,
293 3784 368 3861 ἄλλοί
381 3798 552 3877 νομίζοντες
566 3788 620 3862 uir
631 3791 737 3863 εὗκίεᾶ
751 3791 890 3863 θάνατον
902 3789 1063 3868 dedomo
1077 3803 1147 3886 περὶ
1161 3797 1224 3865 τῶν

184 3895 315 3986 iratur
334 3903 526 3964 καταλείπειν
544 3893 648 3984 λόγον,
677 3894 733 3965 οὐκ
753 3893 955 3984 ἐφοβήθησαν
974 3897 1010 3970 τό
1025 3907 1149 3984 πλῆθος
1161 3903 1224 3967 τῶν

183 4006 346 4077 ἐναντίοιν,
374 3993 450 4066 itta}
467 4003 505 4091 τῇ
528 3996 629 4069 αὐτῶν
641 3997 734 4093 ἀρετῇ
753 4005 864 4084 μᾶλλον
879 4004 1068 4076 ἐπίστευσαν.
1115 4007 1225 4070 Verba

182 4102 227 4176 oi
248 4104 418 4195 λογισμῷ
440 4097 593 4182 εἰδότες
613 4106 680 4172 iam
697 4105 880 4192 antiquitus
900 4114 1016 4179 turbas
1029 4109 1224 4192 concivisse,
