2700 4980
510 395 763 468 ..51-

114 600 241 669 iterum
271 605 532 672 commemorat:
570 607 611 661 et
647 577 843 662 detulisti
876 606 921 662 ut
948 592 1163 668 illumin

110 714 279 770 eeteros
311 700 450 766 vades.
502 698 569 765 His
597 699 694 764 dictis
722 698 938 788 perspicuum
965 702 1033 769 erit
1057 703 1167 770 etium·

109 809 168 876 Fr.
184 804 335 870 Iacobsio
348 827 418 870 non
434 800 679 868 assentiendum
696 825 764 867 esse
780 800 817 867 iu
829 801 947 882 Addit.
966 796 1160 873 animadvv·

108 912 146 978 in
168 910 296 977 Athen.
318 929 353 996 p.
372 913 443 971 172.
466 907 531 981 hoo
547 905 674 972 deloco
688 905 735 970 sio
749 904 948 992 disputanti=
970 907 1160 993 „Requiri-¹

109 1023 165 1080 tur
180 1013 332 1093 verbum,
358 1011 447 1095 quod
464 1009 734 1093 consequentiam
748 1007 894 1092 aliquam
908 1011 966 1076 τοῦ
977 1004 1160 1098 ἀπογράψαι

108 1117 244 1184 indicet
292 1114 333 1179 ln
351 1113 424 1177 cod.
439 1112 540 1193 Coisl.
558 1111 604 1195 [et
618 1111 680 1196 X.]
702 1105 857 1196 legitur
837 1132 1035 1199 απογραψας
1080 1115 1159 1179 Hoo
1243 1194 1248 1205 .

108 1219 254 1285 admisso
281 1214 496 1280 scribendum
525 1214 714 1334 existimo,
732 1207 800 1280 τοι
818 1215 943 1302 σωτῆρα
964 1208 1021 1283 aiv
1042 1215 1159 1310 σαυτοῦ

39 1359 47 1425 3
108 1312 279 1407 ἐτόλμησας
304 1309 514 1459 ιῖπογρᾶψαι“
517 1320 571 1385 ιιαι
593 1310 781 1409 οἷιιογραψας
803 1310 985 1395 ἀπέκτεινας
1006 1322 1059 1416 aql
1079 1322 1157 1388 ἐκεῖ·

107 1440 174 1496 ’νον
185 1428 237 1492 uui
258 1449 331 1503 τους
345 1419 408 1492 ἄλλ.
431 1425 514 1509 iyy.“

212 1524 300 1593 Ibid.
329 1524 360 1611 §.
384 1526 435 1590 65.
463 1524 525 1589 Bk
555 1547 590 1614 p.
614 1522 687 1591 488.
708 1525 751 1590 R
786 1526 1006 1610 Posteaquam
1031 1482 1157 1591 Oritur

105 1631 283 1720 exposuit,
318 1639 400 1714 quot
433 1626 587 1693 homines
618 1628 659 1692 ab
689 1625 842 1714 Agorato
869 1627 970 1692 delati
999 1627 1155 1712 obierint,

41 1806 45 1810 ‚
105 1736 235 1866 pergit‘
235 1733 358 1798 Ιιιιιιο
348 1755 385 1797 ιιι
401 1729 561 1797 modum:
586 1725 720 1798 Πολλοὶ
741 1738 864 1810 τοίνυν,
893 1759 917 1826 ιιι
903 1718 1051 1819 ἄιδρις
1065 1740 1155 1801 δικα-

105 1867 194 1917 οται,
217 1832 276 1904 toa
287 1828 373 1904 aaa&
392 1839 445 1902 καὶ
465 1828 579 1922 αἰσχρα
602 1837 655 1902 eol
669 1861 770 1919 τουτῳ
792 1840 845 1902 καὶ
859 1860 926 1910 τοις
937 1861 1052 1903 τουτου
1068 1831 1156 1905 ἆδιλ-

57 1936 61 1943 ’
106 1953 177 2029 oute
201 1933 443 2019 ἐπιτετήδευται,
463 1933 542 2006 πολυ
565 1933 603 2005 ἆυ
624 1941 671 2018 εἰη
692 1938 782 2025 ἔργον
797 1940 900 2023 λέγειν
944 1938 1098 2005 Disserui
1112 1939 1155 2006 de
1203 1952 1206 1961 ’

85 2046 159 2129 ‚his
184 2041 325 2109 verbra
315 2066 353 2108 m
378 2042 602 2107 Commentat.
626 2042 699 2108 crit.
726 2041 812 2105 del.
836 2065 871 2105 ιι.
891 2042 975 2129 Lye.
998 2051 1030 2104 et
1052 2041 1154 2105 Dem.
1235 2061 1236 2065 ’

104 2162 140 2240 'p
158 2151 190 2215 5.
208 2146 323 2232 ibique
347 2143 433 2209 mihi
456 2138 536 2210 noti
555 2168 618 2233 pro
640 2137 739 2213 πολλά
754 2143 931 2228 legendum
946 2142 1193 2208 v1der1d1x1·

48 2235 53 2246 Ι
104 2255 209 2320 Nunc
228 2262 341 2316 tamen
358 2247 512 2334 repetitio
536 2248 636 2312 liuius
658 2248 751 2313 vocis
775 2241 887 2328 (πολυ
907 2251 1043 2329 τοίνυν·
1026 2242 1154 2317 -ιιολιΙ

105 2353 143 2424 ἂν
155 2359 202 2435 εἴη
215 2354 277 2441 ἔργ.
292 2356 330 2435 λ.)
351 2351 462 2415 miuus
476 2348 559 2416 mihi
573 2351 680 2439 placet
691 2349 878 2436 malimque
885 2351 1048 2416 scribatur
1059 2346 1155 2420 aitte

105 2481 170 2577 pro
191 2449 298 2525 πολλά.
342 2453 466 2542 Lysiae
481 2463 627 2519 mentem
642 2452 728 2518 hano
741 2477 810 2519 esse
824 2467 926 2571 puto:
949 2453 1072 2520 multos
1088 2455 1154 2521 ho·

104 2562 214 2629 mines
242 2558 361 2626 detulit
382 2556 554 2644 Aguratus
577 2570 610 2622 et
630 2549 816 2622 interemit·
854 2558 922 2622 iam
942 2580 1025 2622 vero
1046 2571 1155 2625 cetere

104 2664 273 2746 facinora,
297 2683 517 2750 quaecunque
531 2671 563 2726 et
578 2661 619 2726 ab
636 2683 676 2726 eo
698 2660 773 2749 ipso
794 2670 828 2724 et
851 2659 936 2725 ab'
907 2683 978 2726 erue
993 2659 1153 2745 iratribus

60 2840 63 2847 ,
104 2776 236 2857 patrata
258 2779 354 2847 sunt,
392 2786 590 2830 enumerare
611 2765 752 2851 longum
773 2786 1018 2851 operosumque
1038 2764 1152 2831 fuerit.

73 2939 75 2943 ,
103 2869 280 2937 Nonnulla
300 2880 432 2934 tantum'
453 2889 721 2932 commemorare
743 2888 840 2950 queo.
883 2867 934 2932 lta
954 2868 1154 2958 loqui'pos-

104 2994 181 3039 sum
202 2971 244 3039 de
265 2971 337 3038 eius
360 2970 667 3051 criminationibus,
688 2969 810 3056 quibus
832 2968 979 3035 insontes
994 2973 1152 3037 vexavit:

103 3077 170 3142 hoc
193 3088 304 3141 tamen
323 3075 459 3160 negotio
482 3074 698 3162 supersedere
719 3074 815 3155 licet,
841 3073 1000 3156 quoniam
1015 3075 1152 3141 aliunde

60 3199 61 3202 ’
103 3179 166 3244 Ιιιιο
189 3179 230 3243 de
250 3202 287 3242 re
307 3178 385 3243 satis
411 3189 550 3242 constat·
599 3187 640 3245 ot
658 3173 745 3246 ἄλλοι
759 3212 803 3225 -
817 3170 903 3254 ὅσοι,
924 3173 1019 3245 τᾶλλα
1032 3216 1076 3229 -
1088 3175 1151 3246 ὅσα

102 3293 163 3348 eto.
185 3280 327 3347 libenter
347 3281 470 3346 Graeci
494 3280 713 3367 coniungunt.
756 3279 800 3347 V.
822 3282 924 3346 lsoor.
946 3281 1023 3346 adv.
1045 3280 1153 3349 Calli·-

100 3385 211 3451 mach.
234 3383 262 3469 §.
285 3386 336 3451 51.
364 3385 440 3453 τῶν
460 3380 585 3452 ettam
605 3381 715 3460 ὅσοις
722 3376 979 3505 ἕιιιβιβοὺλιυιιι.
1010 3385 1151 3453 Luciau.

41 3518 57 3528 ··
101 3484 191 3554 Dial.
217 3488 322 3556 Deor.
349 3488 414 3569 lX,
442 3493 474 3554 2.
504 3483 611 3574 iinaqu
639 3482 672 3557 ιλ
699 3515 755 3555 ουιι
767 3485 866 3576 ὕδωρ
895 3484 979 3582 αυιῷ
1006 3515 1086 3575 noue
1112 3517 1150 3559 το

101 3591 224 3675 τραῦμα
253 3594 347 3667 αἴσιοι
374 3594 428 3658 eei
456 3586 579 3660 τᾶλλα
599 3620 735 3673 ποιησοια
756 3587 831 3659 ὅσα
852 3596 1012 3679 νομίζεται
1036 3593 1089 3680 (v.
1108 3595 1149 3660 F.

101 3691 146 3757 V.
176 3693 338 3759 Fritzsch.
356 3674 409 3759 ed
436 3693 471 3758 h.
491 3696 532 3778 l.,
570 3695 641 3781 qui
651 3697 757 3761 multa
778 3697 813 3760 id
834 3718 938 3784 genus
959 3693 1149 3783 congessit.)

100 3793 263 3884 Xenoph.
292 3797 381 3861 Hist
406 3820 512 3885 graec.
543 3798 605 3880 ΙΙΙ,
626 3799 656 3877 4,
686 3804 714 3864 3.
755 3802 820 3866 ἔπει
844 3800 878 3867 δὲ
895 3792 1071 3885 θυσάμενος
1093 3804 1148 3867 ιιαι

99 3893 265 3964 vulin*
247 3924 322 3967 οσα
349 3898 411 3968 ἔδει
435 3905 490 3968 eol
517 3894 558 3968 roi
583 3895 769 3992 διαβατήρια
797 3905 925 3983 ἐξῆλθε,
953 3937 997 3953 -
1020 3954 1028 3970 .
1072 3902 1147 3968 De·

98 3998 222 4077 mosth.
241 3992 360 4086 XXII,
381 4006 432 4068 68.
461 3999 557 4072 ἄλλα
583 4009 617 4073 δὲ
643 4000 715 4075 ὅσα
741 4003 886 4095 ὕβρικεν,
919 3997 990 4073 οὐδ’
1019 3992 1059 4088 tir
1080 4003 1146 4091 ἔχοι
1191 4029 1193 4035 ’

99 4128 153 4178 τις,
168 4104 279 4170 einata·
310 4105 447 4175 τοιαῦτα
466 4100 503 4176 ιδ
524 4101 771 4192 πλῆθοςιότιι,
801 4110 862 4179 ubi
881 4107 1029 4187 forsitan·
1046 4102 1144 4178 τᾶλλα
