2700 4980
477 465 917 536 ·-ce-··

193 653 324 732 λεῦσασα
347 650 402 726 νῦν
421 651 575 728 διἰνατον·
613 654 676 729 ὁδ’
698 655 851 736 ἀκουσίως
878 666 932 729 nai
958 668 1069 751 βιαὶως
1093 663 1242 737 ἀπέθανε.

192 767 260 832 Ηὶυ
279 765 323 832 ed
342 787 400 830 vv.
420 755 441 844 ἦ
462 764 518 848 μὲν
536 757 597 851 μοῖρ
618 801 635 812 -
657 758 712 831 νῦν
723 759 862 833 θάνατον
876 789 921 832 ex
936 773 1136 858 praegressis
1149 776 1244 858 cogi·

67 900 72 913 =
143 948 146 952 Δ
194 870 325 957 tationp
339 867 588 933 adsciscendum
605 880 655 934 est
671 862 814 936 ἀπώλεσε.
835 870 976 937 Possum
991 873 1126 960 quidem
1141 899 1244 964 prac-

192 985 288 1039 terea
303 972 494 1058 complures
511 971 592 1036 elios
615 972 723 1055 locos,
752 973 928 1061 in'quibus
948 977 1066 1042 similis
1080 977 1242 1066 loquendi
1266 1030 1269 1035 .

191 1099 270 1142 usus
286 1073 469 1162 reperitur,
494 1098 779 1140 commemorare:
804 1090 856 1159 at,
880 1102 923 1144 ne
937 1080 1057 1166 longus
1072 1082 1152 1166 sim,
1173 1082 1242 1147 du-

193 1205 293 1247 olum
325 1189 459 1244 tantum
495 1178 703 1243 mentionem
730 1177 858 1247 inferre
886 1183 1008 1271 placet.
1035 1184 1135 1272 Lys.
1152 1196 1240 1251 orat.
1292 1227 1295 1234 ·

190 1285 291 1351 XIX.
334 1284 401 1348 Pro
418 1281 514 1346 bonrs
528 1283 626 1346 Ans
613 1280 813 1370 ophams§
828 1291 879 1352 21.
896 1287 958 1352 Bk.
973 1309 1006 1374 p
1019 1291 1096 1354 525.
1109 1289 1151 1353 R.
1174 1281 1240 1354 ὀλί-

189 1417 231 1476 μοι
249 1391 306 1474 μὲν
324 1408 384 1473 γαρ
405 1372 505 1463 ηλθον
528 1383 646 1470 ἔχοντες
660 1412 800 1472 χρηματα
816 1387 861 1471 [οἱ
872 1393 1048 1477 πρεσβεῖς],
1069 1392 1190 1458 πολλῶν
1204 1395 1239 1460 δὲ

190 1485 459 1578 προσεδεηθησαν·
492 1481 528 1552 οῦ
548 1516 609 1574 γαρ
631 1481 727 1572 μόνον
751 1496 797 1566 εἰς
814 1519 870 1568 τας
887 1495 977 1573 ναῦς,
1000 1488 1076 1563 ἄλλα
1096 1499 1150 1562 ιιαι
1168 1503 1240 1565 πελ-

125 1650 128 1661 .
188 1622 305 1668 ταστας
330 1586 544 1679 ἐμισθώσαντο
568 1623 620 1660 και
614 1589 750 1659 ὅπλα’
734 1602 894 1682 επρίαντο
932 1598 991 1666 Ad
1006 1600 1155 1685 verbn’
1125 1624 1169 1674 εις
1181 1593 1238 1675 τοῦς

137 1778 141 1789 .
186 1703 262 1774 ναῦς
279 1702 345 1764 iam
368 1686 538 1776 Reiskius,
567 1694 730 1786 subaudi,
751 1699 881 1788 inquit,
903 1725 926 1766 σ
948 1681 1123 1767 communi
1137 1728 1234 1790 προς-

186 1797 357 1883 εδεῆθηοαν
385 1802 505 1866 πολλῶν
528 1795 711 1887 χρημάτυνὶ
741 1803 863 1869 rectius
878 1804 980 1870 etiam
993 1804 1165 1869 Bremiusz
1194 1829 1235 1871 ex

186 1905 400 1974 antecedente
415 1900 670 1991 προσεδεήθησαν
687 1905 926 1972 assumendum
942 1900 1124 1987 ἐδεήθησαν.
1169 1909 1236 1976 Α]-

185 2027 239 2079 ter
256 2011 349 2075 locus
363 2021 412 2073 est
428 2033 464 2073 m
481 2007 664 2074 Andocidis
685 2010 839 2076 oratione
853 2012 895 2076 de
912 2013 1102 2098 mysteriis,
1132 2014 1162 2099 §.
1179 2020 1234 2083 20.
1269 2043 1272 2047 ·

185 2117 248 2184 Bk.
264 2138 298 2202 p.
319 2119 367 2178 11
383 2112 495 2178 Reisk.
517 2140 599 2180 ναιο
616 2138 721 2200 πατηρ
735 2110 1233 2238 ε’πείσθηᾷμιῦνατοιοῦτονᾶμοι-

184 2227 350 2297 νίσασθαι,
379 2208 460 2282 ἔν
436 2244 460 2300 ῳ
480 2210 564 2284 δυοιν
586 2229 654 2283 τοῖν
676 2223 831 2303 μεγίστοιν
859 2224 969 2287 κακοῖν
995 2214 1051 2287 οῦκ
1062 2209 1120 2300 ἦν
1147 2217 1231 2309 αῦτῷ

184 2321 346 2414 ἆμαοτεῖν·
375 2316 395 2400 ἢ
414 2346 473 2406 μαο
492 2322 565 2404 ε’μοῦ
585 2318 732 2404 δόξαντος
745 2315 785 2388 τῦ
799 2318 874 2391 ὅντα
887 2325 1019 2441 μηνῦσαι
1031 2351 1090 2392 τιατ
1114 2328 1231 2394 εἰιείνου

182 2535 234 2601 his
249 2523 360 2597 verbis
372 2528 506 2595 Ludov.
523 2527 721 2595 Dindorfius
736 2531 774 2596 in
793 2531 1036 2598 'Peubneriana
1050 2531 1229 2620 Thucydi-

182 2637 233 2703 dis
245 2634 394 2701 editione
406 2630 448 2696 ad
461 2631 757 2715 ostendendum,
747 2656 784 2697 m
798 2633 948 2699 h1s1011c1
965 2635 1006 2700 L
1019 2635 1046 2700 I.
1063 2658 1090 2700 c.
1103 2641 1155 2702 38.
1178 2645 1229 2705 ἵνα

181 2771 224 2829 μη
238 2741 285 2826 τῷ
296 2765 388 2821 κοινῳ
372 2735 488 2820 ”ε”χθει
501 2763 559 2801 κατ
586 2728 688 2809 αὐτῶν
700 2760 755 2819 μετ
753 2728 912 2817 ἀἰλλῆδοιν
927 2739 1063 2822 στῶμεν,
1084 2744 1161 2824 μηδὲ
1175 2748 1228 2808 δυ-

180 2850 230 2916 οῖν
249 2836 372 2928 φθάσαι
390 2831 585 2926 αμᾶρτοιοιν,
614 2833 636 2918 ἦ
656 2842 795 2928 κακῶσαι
814 2834 894 2926 ημῦς
917 2871 936 2921 η
953 2869 1032 2926 σφας
1044 2839 1158 2921 αῦτοῦς
1168 2857 1228 2932 βε-

179 2942 396 3039 βαιώσασθαι,
431 2966 501 3008 non
528 2941 750 3007 necessariam
772 2965 843 3009 esse
863 2944 1035 3013 Schaeferi
1053 2950 1227 3014 coniectu·

179 3076 254 3120 ram
278 3061 355 3139 post
373 3055 460 3116 δυοῖν
483 3047 686 3113 excidisse‘'
664 3075 696 3113 εν
717 3048 896 3136 opinantis.
949 3049 1126 3116 Assentior
1138 3051 1227 3116 Dm

180 3152 308 3222 dorfio·
344 3174 408 3218 nec
435 3151 685 3219 Hermannuc
675 3177 711 3220 1n
733 3156 839 3219 altera
860 3152 1016 3242 Sophocl
1069 3154 1228 3220 Electrae

179 3259 327 3331 editione
343 3254 386 3320 ad
399 3258 542 3321 v.1812.
557 3250 1010 3322 lociAndocrdenrnmemor
1024 3253 1100 3320 fuit.
1118 3255 1227 3322 Con

158 3361 275 3441 ¹vonit
297 3357 401 3444 igitur
419 3357 457 3423 in
475 3381 515 3422 eo
536 3381 701 3446 quoquc
689 3357 774 3423 milri
801 3381 880 3424 cum
901 3358 1102 3443 Dindorfio‚
1135 3356 1228 3446 qnod

177 3463 335 3533 Reiskius
354 3472 387 3527 et
406 3461 581 3527 Bckkerus
597 3460 742 3526 notandi
760 3474 855 3547 sunt,
885 3483 1030 3547 quornm
1044 3461 1132 3527 alter
1146 3453 1225 3539 ἑνός,
1279 3460 1288 3485 ”

177 3569 263 3638 alter
287 3566 428 3649 θατέρου
450 3563 571 3630 verbis
586 3565 729 3630 oratoris
753 3569 839 3632 δυοῖν
860 3577 928 3632 τοῖν
947 3571 1102 3653 μεγίστοιν
1115 3568 1226 3631 κακοῖν

176 3669 276 3740 adiici
296 3667 455 3734 voluerit.
499 3667 602 3753 Quod
625 3679 740 3733 autem
764 3667 855 3733 addit
879 3668 1018 3752 „nescio
1031 3691 1078 3734 aa
1099 3668 1225 3734 rectius

131 3792 134 3801 ·
175 3770 322 3853 deleturi
344 3769 470 3849 [Reisk.
485 3770 651 3857 etBekk.]
675 3770 798 3837 inutile
817 3765 919 3859 rw
941 3773 1055 3837 minue
1070 3771 1224 3837 conside·

174 3889 250 3956 rate
272 3875 408 3943 videtur
428 3873 649 3942 contendisse.
693 3874 756 3942 Illa
772 3875 865 3940 enim
880 3875 1048 3964 particula
1062 3874 1091 3939 si
1104 3875 1170 3939 hoc
1183 3875 1224 3940 in

173 4002 268 4049 nexu
283 3993 444 4063 tanquam
457 3974 583 4040 inutilis
597 3975 748 4042 tollenda
763 3988 863 4042 esset:
894 3978 1051 4044 omnibus
1063 3975 1103 4040 iis
1116 3975 1154 4041 in
1167 3974 1235 4041 lo·.

174 4083 240 4168 cie,
266 4081 325 4151 ubi
350 4078 423 4148 vim
444 4078 638 4169 explicandi
661 4090 697 4145 ct
717 4077 911 4147 illustrandi
930 4078 1051 4167 habet,
1080 4078 1132 4145 uti
1143 4087 1220 4169 post
1253 4088 1255 4093 ’
