2700 4980
575 432 828 540 ÷aa-

153 681 155 684 Α
180 625 287 696 Missa
301 624 401 715 igitur
414 625 473 693 illa
488 626 727 697 emendatione
743 625 841 694 aliam
854 635 1109 714 proposuerunt
1123 624 1224 712 Tay-

180 730 275 796 lorus
297 741 330 796 et
350 730 590 825 MarklandUs,
612 735 661 806 oie
675 748 740 820 pro
761 725 823 804 ode.
867 730 1021 815 Suscepit
1034 724 1108 794 eam
1124 729 1225 796 Reis-

125 821 142 829 ..
182 833 275 918 kius,
303 828 402 900 recte
416 834 529 900 locum
545 837 581 900 in
597 833 818 915 conversione
832 833 887 898 lat.
905 856 939 921 p.
955 834 1029 899 465.
1052 833 1098 898 sio
1115 835 1226 897 inter-

119 926 121 931 *
182 925 353 1025 pretatusz
382 973 432 1022 „-
451 928 474 986 '-
492 940 611 1026 quibus
628 937 725 1022 [viris
738 936 804 1002 illis
817 935 976 1023 fortibus]
994 960 1066 1019 vos,
1086 937 1225 1017 iudices,
1322 953 1329 962 “

183 1046 341 1105 testatum
354 1039 484 1129 facite,
509 1060 636 1131 poenas
663 1041 704 1106 ab
718 1063 911 1128 ‚eorumque
932 1055 966 1108 et
990 1030 1111 1105 vestris
1128 1061 1227 1104 corn-

182 1145 342 1212 munibus
362 1145 513 1211 hostibus
536 1143 741 1234 repetenda,
771 1167 832 1209 vos
843 1145 987 1230 gratiam
1002 1143 1080 1232 ipsis
1091 1142 1227 1229 'quoque

184 1240 333 1312 debitam
356 1272 427 1313 esse
448 1247 655 1320 relaturos.“
707 1249 823 1314 Minus
847 1258 939 1313 recte
955 1247 991 1312 in
1007 1247 1227 1327 adnotatione

185 1346 228 1414 ad
249 1350 282 1414 h.
296 1351 319 1415 l.
335 1355 384 1426 οἷς
401 1374 470 1416 non
485 1349 525 1416 ad
551 1345 719 1437 istaistare,
739 1351 797 1416 sed
814 1350 855 1416 ad
871 1341 1016 1438 tapo'veae
1030 1355 1119 1432 diana
1133 1348 1228 1414 refe*

183 1451 330 1518 rendum
347 1454 436 1536 dicit,
459 1454 600 1520 addens:
620 1454 796 1540 „Aldinae
816 1449 884 1528 οὕς
903 1457 961 1541 qui
975 1480 1113 1522 servare
1129 1449 1227 1540 velit,
1326 1508 1332 1517 .

183 1556 290 1643 possit
304 1557 361 1623 ille
377 1551 457 1643 πράς
472 1548 603 1625 addere.
632 1552 711 1646 πράς
735 1555 803 1637 ode,
826 1558 869 1624 ad
884 1581 965 1645 quos
982 1559 1038 1624 vel
1052 1582 1130 1646 erga
1144 1581 1228 1646 quos

170 1658 373 1752 declarata:
403 1664 492 1752 quod
518 1656 630 1728 nescio
646 1687 689 1728 an
706 1687 724 1727 a
737 1661 841 1749 Lysia
854 1661 897 1726 sit
910 1661 1022 1750 potius
1037 1661 1228 1752 profectum

186 1783 290 1848 quam
311 1768 400 1840 οἷς.“
458 1758 634 1853 Augerus,
665 1765 857 1847 Bekkerus,
892 1764 1042 1832 Bremius
1065 1768 1145 1836 item
1168 1771 1229 1842 οἷς

187 1865 419 1935 adsciverunt:
454 1893 516 1934 nec
539 1893 599 1956 ego
622 1869 708 1934 hanc
730 1869 1000 1934 emendationem
1022 1872 1229 1937 lenissimam

133 2006 136 2011 ·
185 1967 262 2036 sum
281 1971 512 2060 adspernatus.
561 1955 809 2040 Verumtamen
832 1995 902 2037 non
924 1972 1230 2068 omninonegave-

184 2073 254 2140 rim
276 2069 329 2151 oie
350 2099 370 2141 a
390 2068 516 2163 Lysiae
536 2099 641 2142 manu
663 2072 826 2165 proficisci
849 2077 1008 2164 potuisse.
1051 2076 1232 2143 Anacolu·

149 2188 152 2196 “
185 2176 272 2243 thias
300 2203 371 2244 non
399 2180 499 2245 anxie
525 2192 560 2246 et
586 2179 734 2257 studiose
761 2202 839 2243 eum
871 2179 1068 2263 artusiae,
1101 2176 1250 2244 Bremii·

145 2320 149 2331 ·
187 2303 348 2346 excursus
369 2283 609 2368 quintussatis
625 2283 819 2363 declaravit.
864 2282 970 2370 Atqui
985 2283 1084 2348 talem
1100 2282 1231 2347 orati0-'
1297 2336 1301 2345 ,

185 2383 239 2449 nis
261 2383 566 2451 conformationem
589 2387 618 2452 si
640 2386 694 2450 hio
715 2410 786 2451 non
805 2407 1021 2472 spernamus,
1044 2386 1138 2451 omni
1151 2408 1231 2449 mu-

186 2487 313 2554 tatione
342 2489 562 2577 supersedere
588 2489 786 2577 poterimus.
839 2488 956 2552 Veluti
985 2491 1231 2555 enim·0rator

188 2589 219 2674 ς.
236 2591 288 2657 50.
300 2590 361 2658 Bk.
376 2615 410 2680 p.
422 2593 495 2659 416.
514 2590 557 2658 R.
581 2594 673 2673 δῆλος
694 2592 781 2658 ἔσται
801 2586 965 2674 άτι··ἔκεῒιά
976 2618 1009 2660 τε
1023 2587 1107 2677 atita}
1122 2589 1231 2678 ἤρεσκε
1287 2585 1289 2589 ’

187 2682 276 2757 dixit
292 2716 356 2782 pro
371 2720 429 2778 eo,
454 2693 549 2782 'quod
557 2745 570 2775 ,
599 2684 712 2762 irerba'
722 2698 813 2775 δῆλος
829 2697 916 2762 ἔσται
931 2696 1098 2776 scribens,
1130 2694 1231 2760 exin·

186 2793 229 2861 de
247 2794 359 2863 dicere
376 2797 413 2865 in
432 2799 546 2865 animo
559 2799 713 2867 'habebat
732 2797 781 2868 ὅτι
803 2805 929 2874 ἐκείνοις
947 2796 1040 2886 ἐχάρη
1063 2791 1231 2889 (monife-

185 2907 278 2964 stum
294 2902 377 2986 erit,
406 2910 483 2966 eum
500 2902 573 2967 illis
585 2901 787 2970 oblectatum
796 2903 941 2994 fuisse):
967 2905 1015 2968 sio
1027 2903 1091 2967 hoe
1105 2902 1141 2967 in
1154 2899 1231 2964 loco

186 2995 240 3075 οὓς
252 2995 336 3086 ὑμεῖς
351 3000 504 3084 δηλώσατε
518 3006 631 3072 dicens
645 3031 786 3097 pergere
802 3010 953 3089 volebat,
982 2999 1131 3093 ὅτιχάριι
1146 2996 1232 3069 oino-

151 3177 156 3186 ,
186 3097 338 3192 λήψονται
359 3109 381 3173 i.
405 3133 433 3174 e.
454 3133 498 3166 =
520 3119 554 3176 oi*
576 3104 626 3176 ὅτι
655 3104 747 3196 χάριν
776 3106 1006 3199 ἀπολήψονται,
1034 3105 1118 3196 ὑμεῖς
1133 3100 1231 3187 θηλώ·

155 3211 162 3219 ’
186 3234 260 3276 σατε
278 3211 380 3299 (ΧΧ,
405 3212 456 3278 34.
479 3208 533 3288 οὓς
561 3209 648 3279 οὔπω
668 3216 735 3281 ἴστε
757 3211 953 3302 ιῖτεάχαθοὲ
973 3221 1032 3284 εἴτε
1047 3217 1136 3282 nasot
1150 3204 1232 3296 ἡβά-

186 3340 295 3388 σαντες
323 3309 510 3408 pessimatus.
539 3316 584 3382 ib.
612 3311 667 3391 oia
694 3313 751 3387 oria
767 3325 842 3387 ’ἴστε
868 3314 972 3386 ὁποῖοί
993 3344 1073 3394 τινες
1099 3318 1248 3409 ἔσονται.ι

143 3455 145 3458 <
185 3414 344 3503 XXVII,
368 3426 398 3485 7.
420 3418 511 3504 eto.):
539 3418 600 3483 sed
623 3421 769 3487 sentiens
798 3436 916 3512 postea
944 3425 1056 3512 aptius
1079 3419 1171 3499 fore,
1202 3416 1233 3481 si
1319 3412 1323 3417 ’

188 3543 263 3587 rem
291 3520 470 3588 dicendam
491 3522 540 3586 ita
560 3520 749 3607 proferret,
778 3539 816 3591 ut
837 3528 942 3607 actio,
965 3546 1066 3611 quam
1081 3519 1232 3587 Atheni-

188 3647 282 3690 enses
298 3624 416 3691 decere
433 3625 583 3690 dicturus
598 3636 689 3707 erat,
717 3629 822 3714 magis
837 3629 1018 3709 emineret,
1039 3624 1148 3714 pergit
1166 3624 1231 3688 sic:

187 3723 237 3795 ὅτι
251 3729 302 3795 καὶ
312 3731 438 3803 ἐκείνοις
455 3722 548 3815 χάριν
561 3721 742 3799 iunoniam.
788 3732 925 3799 Etenim
941 3730 970 3795 si
983 3727 1033 3797 ὅτι
1046 3721 1135 3816 χάριν
1150 3721 1234 3794 oino-

186 3823 337 3919 λήψονται
360 3831 529 3910 dixisset,
554 3817 660 3915 magis
684 3845 789 3899 status
810 3835 949 3898 illorum
971 3833 1112 3898 fortium
1134 3834 1232 3898 viro-

186 3955 285 4018 rum,
308 3935 446 4022 inquo,
476 3936 557 4001 dum
574 3935 720 4021 gratiam
733 3937 919 4026 accipiunt,
943 3947 1143 4018 versantur,
1167 3959 1231 4000 an-

186 4044 220 4100 te
243 4039 357 4102 oculos
386 4038 578 4106 auditorum
607 4053 812 4125 poneretur,
847 4043 949 4125 quam
975 4041 1062 4105 actio
1088 4042 1228 4126 gratiam

183 4138 365 4208 referendi.
417 4142 520 4229 Quod
538 4153 643 4230 porro
659 4141 805 4209 lectione
818 4145 956 4230 vulgata
973 4156 1104 4210 retenta
1119 4144 1160 4208 ab
1176 4143 1231 4206 iu·
