2700 4980
222 650 317 744 λόγων
337 645 489 739 ἀπορήσει
510 649 563 716 aui
583 630 750 737 μαρτύρων
772 647 816 715 O.
838 658 871 713 et
888 671 993 736 marg
984 651 1154 722 Aldinae
1171 660 1270 747 Lug-

222 761 304 827 dun.
326 749 422 842 tdyuo
444 754 498 820 ναὶ
518 743 685 839 μαρτύρων
704 745 870 839 ἀπορήσει,
899 753 1006 820 codex
1022 756 1268 828 Vindobonen-

222 864 265 930 sis
286 872 344 928 aut
363 856 476 944 λόγων,
506 849 675 952 μαρτύρων
703 849 869 940 ἀπορήσει,
899 867 937 918 ut.
956 859 1102 925 Alterus
1117 874 1267 948 testatur,
1337 864 1340 877 ¹

221 978 280 1034 aut
302 957 398 1050 λόγων
420 938 571 1044 sinceriori
592 964 644 1026 uui
664 953 830 1047 μαρτύρων
843 954 1007 1048 ἀπορήσει,
1029 975 1066 1028 ut
1081 990 1124 1031 ex
1137 968 1268 1035 Reiskii

221 1080 313 1159 patet
331 1063 557 1132 adnotatione.
601 1062 678 1127 Hac
699 1075 811 1153 antem
832 1064 983 1128 lectionis
1002 1066 1192 1136 diversitate
1211 1073 1267 1137 lo-

53 1176 57 1183 ’
123 1229 125 1233 .
222 1197 301 1240 cum
324 1182 438 1260 aperte
459 1179 656 1255 corruptum
676 1189 747 1230 non
770 1166 870 1254 plane
890 1165 926 1233 in
948 1168 1117 1256 integrum
1136 1167 1267 1240 restitui

173 1312 176 1316 ’
223 1276 333 1364 quivis
355 1272 459 1339 videt.
501 1269 663 1354 Magnam
685 1268 787 1355 igitur
808 1289 946 1360 operam
968 1274 1034 1339 viri
1057 1274 1145 1341 docti
1162 1276 1267 1344 dede-

202 1366 373 1462 ¹runt‚u
374 1372 593 1450 tmedelam,
629 1393 730 1456 quarn
751 1371 782 1436 ei
804 1375 1019 1457 adhiberent,
1047 1377 1181 1463 ingenio
1203 1404 1265 1445 suo

222 1481 461 1569 excogitarent.
504 1474 607 1562 Quod
629 1475 798 1542 Schotto
787 1500 825 1542 111
846 1490 995 1544 mentem
1017 1483 1131 1564 venit,
1163 1486 1265 1551 verba

223 1591 279 1656 ιιαῖ
298 1577 464 1672 μαρτύρων
486 1590 524 1644 ut
539 1578 653 1667 spuria
668 1579 807 1647 delenda
822 1605 907 1664 esse,
931 1583 993 1647 vix
1012 1598 1201 1653 memoratu
1218 1599 1267 1654 est

222 1690 381 1776 dignum·
407 1706 471 1750 nec
492 1682 629 1747 maioris
652 1684 753 1773 pretii
775 1696 823 1751 est
840 1685 1002 1753 sententia
1016 1685 1207 1767 Marklandi
1228 1715 1269 1756 ea

220 1741 347 1860 ironice
369 1810 439 1855 esse
459 1784 652 1873 accipienda
668 1789 852 1857 statuentis.
900 1787 1056 1853 Reiskius
1072 1787 1113 1853 de
1128 1813 1188 1854 suo
1203 1790 1267 1855 dc-

221 1899 269 1963 dit
296 1890 332 1962 οὐ
357 1887 417 1980 γάρ
445 1882 546 1979 δήπου
567 1890 779 1987 συκοφαντῶνΙ
792 1887 882 1977 bopsi
911 1890 1069 1979 (iugiter,
1100 1905 1265 1982 perpetuo

218 1995 449 2083 calumnians)
469 1988 616 2063 τοιοάιαν
637 2019 671 2079 γε
693 1988 789 2080 λόγων
807 1988 974 2082 ἀπορήσει,
997 2000 1026 2060 εἰ
1035 1999 1088 2061 καὶ
1099 1993 1267 2085 μαρτύρων

219 2097 385 2190 ἀπορήσει,
420 2098 537 2165 saltem
567 2097 694 2182 aliquid
721 2099 795 2164 veri
822 2099 950 2164 videns.
968 2120 984 2129 ’·
1002 2097 1160 2184 Angerus
1184 2126 1265 2167 eum

217 2219 349 2275 secutus
372 2214 437 2286 est,
468 2224 532 2293 pro
554 2195 646 2286 θαμά
665 2213 777 2267 autem
800 2195 957 2283 τηνάλλας
977 2203 1155 2268 substituit.
1206 2207 1265 2271 Ia-

216 2307 378 2378 cobsius
368 2331 405 2376 ιιι
421 2305 673 2372 Additamentis
691 2306 1057 2373 animadversionum
1047 2330 1082 2369 ιιι
1096 2307 1267 2374 Athenaei

216 2399 448 2503 Dcipnosoph.
471 2431 504 2498 p.
532 2413 593 2476 130
608 2429 656 2495 sq
682 2409 770 2475 hanc
793 2409 971 2498 proposuit
994 2409 1263 2477 emendationem

163 2529 165 2534 '
215 2541 286 2583 non
307 2514 419 2579 minus
448 2511 628 2578 audacem:
665 2507 702 2578 od
728 2508 796 2597 ράρ
810 2506 910 2594 δήπου
938 2514 1137 2594 συκοφαντῶν
1166 2510 1265 2583 πολλοὶ

213 2612 361 2689 sororisant
373 2644 407 2705 γε
421 2609 518 2701 λόγων
530 2609 690 2703 ἀπορήσει,
711 2609 874 2703 ἀπορήσας
887 2610 1067 2703 μαρτήραινι
1089 2639 1154 2734 qua
1165 2620 1265 2706 longe

212 2722 347 2790 facilior
369 2731 402 2786 et
423 2719 606 2807 speciosior
627 2730 674 2782 est
688 2721 833 2785 Bekkeri
854 2722 1045 2785 coniectura
1066 2745 1102 2785 ου
1121 2749 1150 2807 γ
1164 2730 1190 2791 δ.
1207 2751 1263 2790 συ-

214 2850 283 2908 κοφ.
305 2819 369 2908 ἀμα
387 2815 537 2892 τοιούτοιν
556 2850 589 2891 τε
611 2817 707 2908 λόγων
727 2816 877 2912 ἀπορήσει
889 2827 941 2889 uui
954 2817 1128 2911 μαρτύρων.
1173 2829 1265 2897 ΝοΙ·

146 3001 152 3010 ,
211 2929 280 2994 lem
307 2938 421 2992 tamen
442 2927 490 2992 sic
510 2927 667 2992 edidisset
689 2925 744 2990 vir
764 2927 935 3014 egregius:
964 2949 1155 3013 quanquam
1176 2932 1266 2996 Bre-

189 3031 299 3097 *mins
320 3030 354 3096 ei
382 3030 520 3118 obsequi
541 3053 617 3095 non
638 3027 812 3096 dubitavit.
855 3030 992 3096 Etenim
1012 3031 1138 3097 minori
1160 3035 1263 3100 etiam

131 3218 136 3235 ι
209 3119 489 3200 mutatione'vera
502 3133 625 3222 Lysiae
636 3155 754 3196 manus
768 3131 904 3200 videtur
912 3134 997 3199 mibi
1011 3134 1140 3220 restitui
1153 3159 1262 3224 posse.
1307 3183 1310 3189 -

209 3237 401 3304 Scribamus
418 3234 521 3302 modo
539 3259 603 3324 pro
621 3227 696 3301 ἀλλα
718 3228 847 3313 ,,ἀλλά“
868 3259 906 3302 ac
921 3236 1001 3317 duas
1017 3238 1150 3303 ultimas
1160 3241 1263 3306 'verbi

140 3387 143 3394 -
209 3334 361 3429 ἀπορήσει
387 3341 513 3406 litteras
533 3341 586 3423 (ει)
615 3337 785 3404 iteremus.
829 3339 884 3405 Sic
905 3339 1262 3408 habebimushaecce:

123 3520 125 3525 ¹
210 3438 253 3512 o'd
287 3437 362 3530 ycip
400 3435 527 3524 δήπου
562 3441 828 3524 συκοφαντῶν
862 3439 961 3510 ἀλλά
997 3434 1193 3509 τοιούτοιν
1220 3472 1264 3529 γι

208 3538 331 3631 λόγων
372 3537 587 3633 ἀπορήσει,
635 3549 675 3610 εἰ
705 3549 773 3611 ναῒ
807 3541 1026 3634 μαρτύρων.
1089 3546 1272 3614 Sententia*

207 3648 348 3715 oratoris
368 3651 473 3738 plana
490 3649 571 3728 erit,
589 3647 621 3711 si
644 3647 748 3712 verba
768 3647 816 3711 sic
834 3648 1079 3737 construxeris:
1104 3674 1261 3733 συκοφαν-

204 3751 267 3818 τῶν
284 3747 345 3839 ράρ
367 3757 398 3818 εἰ
415 3757 468 3821 aci
480 3744 663 3840 μαρτύρων,
687 3743 765 3818 ἀλλά
780 3746 930 3819 τοιούτοιν
943 3779 976 3840 γε
992 3746 1090 3839 λόγων
1103 3747 1140 3819 οὗ
1160 3748 1259 3832 δήπου

204 3849 372 3943 ἀπορήσει,
406 3855 430 3921 i.
452 3880 479 3921 e.
505 3854 774 3920 calumnians
798 3855 910 3920 enim
931 3855 1108 3921 etiamsi
1126 3840 1261 3922 ¹testi-

202 3957 277 4024 bus
297 3969 460 4040 careat‚
483 3970 523 4024 at
546 3969 662 4023 certe
683 3955 901 4021 eiusmodi
924 3957 1056 4024 dictis
1080 3980 1164 4022 non
1186 3979 1270 4023 ca-·

196 4061 327 4140 rabit,
356 4060 446 4146 sive,
475 4075 513 4127 ut
533 4060 634 4126 etiam
656 4057 696 4124 ad
720 4061 913 4146 praegressa
935 4058 1113 4146 respiciam
1136 4058 1259 4123 verber

193 4160 468 4249 iniquissima
496 4182 571 4248 ego
601 4161 766 4251 patior3
792 4159 842 4239 ssi
872 4162 988 4229 enim
1014 4161 1097 4228 iste
1125 4171 1261 4228 testea
