2700 4980
613 408 868 481 ...30-

102 614 129 679 j
223 625 226 631 ·
272 660 275 665 .
318 601 407 669 Ibid.
434 602 469 688 §.·
486 603 548 671 6&
567 602 628 669 Bt„
664 625 699 692 p.
721 602 800 678 482.ι
814 602 861 670 R.
893 602 1109 671 contendens
1135 603 1263 672 Orator

213 707 497 797 Agoratunslcum
513 704 742 795 Aristophane
758 705 965 773 Chollidensi
978 707 1060 776 dicit
1072 705 1144 775 fere
1162 707 1264 774 haece
1291 794 1293 807 Ι

215 812 341 898 Longe
352 807 526 877 dissimilis¹
536 808 673 879 videtur
686 808 954 895 Agoratushuic
968 810 1045 877 viro
1061 809 1183 894 fuisse,
1207 809 1267 897 qui

214 941 287 1006 pro·
296 917 370 1004 ipso
388 925 460 978 tuns
479 911 663 999 spopondit
679 923 713 976 et
726 912 926 1000 comparatis
939 913 1148 1001 Munychias
1160 913 1264 990 navi÷

213 1020 275 1086 bus
293 1040 371 1083 cum
387 1037 426 1082 eo
444 1008 620 1100 suffugere
633 1008 769 1102 paratus
785 1014 860 1082 fuit.
903 1016 950 1081 Et
965 1029 1131 1100 qnantum
1146 1015 1186 1083 in
1198 1012 1274 1083 ilto‘
1315 1086 1319 1092 ,

213 1130 303 1200 erat,
328 1124 504 1209 ..servatus
518 1116 642 1186 vluisses
666 1141 705 1183 ac
728 1138 840 1202 neque
859 1117 1127 1185 Atheniensium>
1141 1136 1264 1207 quem-

214 1243 330 1309 qnam·
349 1220 761 1308 pessumdedissesneque
796 1221 869 1311 ipse
898 1221 976 1287 talia
1003 1221 1040 1287 in
1068 1221 1263 1291 discrimina
1308 1261 1311 1266 v

213 1347 297 1403 asses
312 1322 489 1392 adductus.
510 1329 567 1392 sis
583 1328 617 1393 δὲ
639 1329 692 1391 καὶ
712 1318 773 1391 τὸοΙ
790 1325 915 1414 omnips
935 1319 992 1392 ris
1013 1326 1128 1404 σαυτοῦ
1150 1319 1263 1393 ἐτόλ-

205 1453 342 1514 μησας·
372 1421 617 1517 ἀπογράψαι.
636 1431 704 1497 sal
734 1422 972 1515 ἀπέγραψας
999 1433 1051 1497 καὶ
1073 1431 1188 1499 ἐκεῖνον
1207 1429 1262 1497 act

103 1540 104 1545 ’
136 1525 145 1553 ³
176 1530 177 1539 ¹
213 1527 286 1605 τούξ
308 1527 425 1606 ἄλλους·
442 1528 613 1616 ἒγγυητάς.’
643 1532 720 1596 Hac
738 1530 775 1596 in
790 1531 1144 1619 enunciationequum
1159 1531 1262 1597 Reis-

213 1634 271 1699 kio
301 1633 414 1698 verbis
442 1640 496 1701 acl
527 1631 711 1722 ἀπέγραψας
744 1639 797 1700 καὶ
826 1637 940 1701 ἕκεῖοοο
967 1635 1053 1701 nihil
1081 1633 1174 1699 aliud
1195 1633 1263 1706 dici

156 1770 160 1781 ·
211 1737 385 1803 videretur
414 1757 521 1820 quam·
547 1738 637 1823 quod
657 1736 774 1826 ‚priori
802 1737 871 1803 iam
892 1739 1046 1803 membro
1070 1737 1262 1808 continetur

213 1831 274 1932 (cf.
295 1839 488 1905 Markland.
512 1839 553 1904 ad
575 1841 656 1927 Lys.
678 1863 709 1928 p.
730 1841 804 1907 585.
828 1840 881 1907 ed·
901 1842 1015 1912 Reisk.
1035 1840 1123 1906 etad
1139 1841 1262 1930 Eurip.

139 1986 141 1990 ι
212 1944 327 2031 Suppl.
364 1964 397 2007 v.
421 1939 542 2031 >882.):>
568 1966 632 2031 pro
665 1937 850 2028 ἇπὲγραψας
875 1967 919 2008 ex
950 1945 1141 2011 coniectura
1169 1945 1262 2013 dedit

212 2049 448 2136 ἐπέτριψας,
462 2045 742 2133 pessumdedisti,
761 2047 861 2132 eique
871 2044 1063 2135 adstipulati
1078 2060 1157 2113 sunt
1170 2050 1262 2116 Bet·
1329 2066 1332 2075 ’

210 2151 322 2217 kerus.
340 2159 383 2214 et·
400 2148 564 2214 Bromius.
609 2148 712 2235 Quod
731 2139 802 2215 non
829 2149 953 2215 miror:
970 2173 1138 2239 ‚perquam
1167 2151 1260 2217 enim

210 2252 400 2345 probabilis¹
422 2251 556 2319 videtur
584 2253 667 2317 haec
696 2251 894 2321 emendatio.
947 2255 1081 2320 'samen
1108 2254 1260 2341 recipere

129 2411 135 2422 .
211 2377 409 2422 non-ausus
438 2377 532 2438 sum,
566 2379 671 2442 quum
700 2358 866 2438 librorum
895 2357 993 2431 lectio
1021 2380 1092 2422 non
1114 2379 1152 2422 ea
1174 2356 1260 2422 mihi

161 2536 166 2545 ¹
210 2457 364 2550 videatur
388 2479 473 2542 quae
495 2461 634 2529 omnino
653 2476 723 2526 non
737 2460 842 2549 possit
857 2457 1060 2525 defensitari.
1103 2460 1287 2525 Primum·

181 2621 184 2633 ,
210 2574 323 2628 autem
351 2560 528 2630 discrimen
554 2563 609 2628 hic
637 2563 1009 2650 intercederearbitror
1032 2563 1121 2628 inter
1144 2555 1260 2633 ἐτόλ-

210 2689 335 2751 μησας
356 2658 588 2751 ἀπογράψαι
609 2662 908 2753 οοᾶπε’γ’ραψος.
950 2665 1036 2732 lllud
1052 2677 1118 2729 est:
1141 2677 1258 2733 tanta

120 2789 122 2793 ’
209 2767 296 2844 fuit
333 2778 405 2833 tua
440 2767 692 2835 audaciam
721 2769 987 2858 petulantia,
1033 2780 1096 2848 ut,
1130 2788 1258 2852 quum

211 2869 321 2960 apud
345 2885 384 2936 te
406 2869 673 2939 deliberares
693 2885 838 2948 utrum
860 2872 1056 2938 deferres
1077 2866 1259 2934 Aristo-

208 2973 394 3064 phanem
416 2997 565 3059 necne,
588 3000 683 3042 mox
713 3000 733 3040 a
755 2989 794 3042 te
815 2976 1078 3064 impetrares
1101 2973 1262 3044 etani-v
1316 3038 1320 3055 ,

105 3150 107 3159 Ι
208 3098 316 3142 mum
336 3077 567 3144 induceres
590 3092 635 3145 ut
656 3078 852 3145 deferres
873 3077 922 3166 (v.
935 3079 1059 3164 Reisig.
1076 3076 1117 3142 ad
1132 3077 1256 3166 oedip.

210 3178 330 3244 Oclcn.
359 3202 393 3244 ν.
419 3185 491 3247 178.
521 3184 678 3254 Enarrat.
708 3193 742 3248 et
766 3182 887 3248 Monk.
914 3181 955 3246 ad
982 3180 1103 3269 Eurip.
1129 3179 1256 3247 Alcest-

210 3306 244 3347 π.
257 3284 331 3350 284.
354 3280 453 3372 etc.)=
474 3279 660 3374 ἀπέγραψας
682 3308 764 3350 vero
787 3282 982 3371 simpliciter
1002 3285 1129 3348 dictum
1150 3297 1199 3349 est
1220 3282 1256 3348 h.

208 3410 234 3453 s.
257 3386 366 3453 illud
387 3386 564 3454 facinus
592 3377 747 3479 reapse
767 3386 992 3477 peregisti.
1035 3388 1143 3452 Porro
1165 3384 1256 3470 quod

208 3489 249 3557 ad
272 3490 375 3555 verba
396 3494 583 3561 salsissima
604 3493 740 3575 attinet,
768 3514 831 3558 nae
855 3514 910 3570 ea,
939 3490 969 3554 si
991 3501 1099 3553 essent
1120 3490 1255 3572 omissa,

206 3617 308 3661 nemo
340 3594 535 3679 requireret.
580 3595 684 3682 Quod
710 3606 822 3661 autem
849 3593 975 3659 adiecta
996 3600 1092 3674 sunt,
1125 3591 1160 3656 id
1183 3616 1255 3658 non

206 3696 310 3763 modo
336 3719 407 3762 non
436 3697 678 3784 ignoscendum
707 3708 776 3779 est,
816 3696 873 3761 sed
904 3694 1004 3761 etiam
1035 3692 1253 3760 laudandum.

207 3799 338 3868 Orator
352 3800 460 3884 enim,
485 3812 678 3889 quanquam
693 3801 761 3867 iam
782 3799 984 3868 memoravit
1004 3797 1193 3884 Agoratum
1215 3799 1253 3865 in
1287 3839 1296 3844 -

205 3903 357 3970 animum
385 3901 558 3969 induxisse
585 3904 847 3992 Aristophanem
869 3899 1019 3982 deferre,
1053 3901 1109 3967 hic
1130 3902 1254 3969 transi·-

205 4016 300 4073 turus
322 4003 363 4070 ad
387 4014 513 4071 ceteros
532 4006 653 4089 vades,
677 4005 792 4086 illum,
815 4017 854 4070 ut
871 4003 1074 4099 primstrium
1095 4005 1133 4071 in
1153 4005 1253 4072 vadi-

204 4107 266 4175 bus
294 4107 408 4177 virum
432 4108 648 4194 maximeque
678 4107 823 4199 Agorati
850 4107 950 4180 satuti
977 4108 1251 4199 prospicientem,
