2700 4980
185 1193 310 1316 Lysiae
340 1229 423 1286 orat.
445 1216 524 1282 VII.
543 1261 547 1267 ,
568 1175 632 1280 De*
650 1225 771 1316 trunco
801 1214 893 1284 oleae
921 1235 1035 1317 sacrae
1064 1213 1190 1302 exciso,
1242 1294 1247 1308 ¹

247 1331 279 1416 ς.
301 1331 355 1390 28.
375 1320 428 1389 ed.
450 1321 555 1386 Bckk·
576 1340 611 1408 p.
625 1323 700 1387 280.
720 1317 772 1384 ed.
799 1317 914 1385 Reisk.
995 1410 997 1417 J
1074 1408 1078 1421 Ι

143 1523 283 1660 Quum
303 1561 350 1643 is,
378 1556 435 1624 cui
453 1557 574 1645 Lysias
598 1554 731 1644 scripsit
751 1555 837 1620 hanc
859 1549 1191 1643 orationem‚2accu·

142 1685 232 1741 satus
255 1678 359 1746 esset,
389 1661 480 1747 quod
501 1660 539 1726 in
560 1659 646 1747 agris
669 1671 827 1725 truncum
849 1656 1074 1739 oleaesacrae
1095 1658 1192 1727 excid

142 1778 263 1855 disset,
293 1763 494 1836 enumeratis
515 1763 575 1845 iis,
607 1761 667 1848 qui
689 1771 786 1828 antea
815 1761 890 1827 illos
911 1782 1008 1848 agros
1029 1761 1191 1850 possede-

142 1888 221 1949 rant
240 1888 278 1941 et
293 1872 483 1949 coluerant,
516 1866 657 1951 evincit,
680 1867 794 1933 mutto
815 1878 911 1948 ante,
936 1885 1039 1950 quam
1058 1864 1130 1955 ipse
1150 1864 1189 1932 in

93 1964 263 2053 ''eorum
283 1973 526 2065 possessionem
547 1968 697 2051 venerit,
718 1969 787 2035 illio
808 1960 918 2057 neque
937 1970 1048 2034 oleam
1070 1968 1190 2057 teper-

139 2073 215 2153 ¹tam
236 2103 305 2146 esse
318 2099 382 2142 nec
398 2089 556 2140 truncum
571 2073 690 2157 ullum
733 2071 866 2154 Deinde
880 2070 1015 2138 uberius
1031 2070 1191 2158 declarat,

144 2191 244 2278 plane
273 2162 496 2268 improbabile
521 2198 612 2291 esse,
646 2198 682 2239 sc
707 2186 915 2262 perpetrasse
936 2173 1043 2241 istud
1049 2171 1190 2258 facinus,

145 2287 271 2378 quippe
294 2279 385 2368 quod
406 2277 622 2343 commissum
642 2297 751 2361 neque
773 2272 879 2345 ullum
895 2276 1112 2343 commodum
1125 2277 1190 2345 sibi

144 2390 306 2482 praebere
327 2406 390 2450 nec
411 2384 515 2448 latere
535 2378 715 2470 potuisset·
744 2401 782 2444 ac
803 2381 950 2466 graviter
970 2392 1003 2445 et
1023 2381 1164 2446 acerbe
1153 2404 1192 2449 111
1283 2414 1306 2483 ιι

144 2502 371 2562 accusatorem
390 2468 581 2566 invehitur,
617 2481 708 2569 quod
731 2483 841 2551 nullos
859 2482 1061 2574 produxerit
1082 2489 1191 2567 testes,

144 2596 204 2664 sed
222 2591 431 2682 apertissima
450 2587 623 2654 mendacia
643 2586 857 2676 impudenter
876 2599 910 2653 et
923 2597 1082 2676 proterve
1098 2584 1192 2652 effu-

144 2703 217 2770 tiat.
261 2695 316 2780 Si,
338 2693 466 2778 inquit,
489 2690 579 2776 quod
594 2690 692 2770 dicis,
714 2714 835 2757 verum
850 2692 951 2776 esset,
970 2703 1111 2781 propter
1126 2715 1192 2782 po-

146 2803 285 2871 tentiam
307 2819 420 2864 meam
435 2807 467 2861 et
481 2817 561 2883 opes
576 2795 747 2860 neminem
762 2793 825 2860 tibi
838 2795 1067 2863 testimonium
1082 2795 1192 2863 dicere

144 2905 303 2984 voluisse,
327 2912 364 2966 tu
375 2897 528 2988 proiecto
541 2898 750 2986 conspicatus
765 2898 868 2962 mein
884 2909 1003 2964 trunco
1017 2899 1192 2972 evellendo

147 3019 347 3097 occupatum
363 3025 489 3068 novem
503 3000 678 3066 archontes
695 3001 752 3087 vel
765 3000 847 3065 alios
863 3002 1025 3085 quosdam
1041 3016 1192 3071 esenatu

146 3107 388 3198 Areopagitico
405 3105 443 3170 in
461 3126 534 3177 rem
548 3112 758 3192 praesentem
774 3104 939 3169 adducere
954 3120 1104 3195 poteras:
1120 3128 1192 3224 quo

147 3212 237 3279 facto
247 3211 320 3275 abrs
331 3231 470 3274 ommno
480 3231 551 3273 non
560 3231 645 3295 opus
659 3218 744 3273 esset
753 3207 898 3272 testibus
923 3208 1128 3274 Sicenrm
1084 3233 1193 3300 nrps1,

148 3315 270 3403 quibus
281 3333 394 3377 caussa
410 3310 622 3375 diiudicanda
638 3323 732 3392 esset,
755 3321 787 3375 te
795 3333 877 3376 vera
892 3310 1002 3377 dicere
1012 3310 1074 3377 tibi
1084 3325 1195 3378 essent

147 3414 283 3484 conscii.
326 3405 499 3534 7Αιιιιόιιιτα
517 3439 573 3479 ουν
594 3403 718 3499 πάσχω,
739 3407 791 3491 ὃς,
819 3418 856 3479 εἰ
862 3414 918 3500 pic
932 3416 1100 3503 παρέσχετο
1113 3408 1195 3505 peip*

146 3545 260 3606 sopor,
282 3511 407 3637 codeces
423 3512 463 3583 ιῖι
476 3510 566 3596 ἧξίσυ
586 3509 755 3596 πιστεύειν,
774 3511 878 3599 ἐπειδη
890 3511 974 3586 δὲ’
937 3544 993 3586 ovs
1011 3525 1087 3588 εἰσιν
1102 3514 1196 3606 αὐτῷ,

149 3626 216 3708 ἐμοὶ
227 3625 279 3688 ιισιι
293 3648 407 3701 ταυτην
426 3613 512 3706 [ana]
525 3623 682 3705 faciest
649 3647 744 3689 σιετσιι
756 3620 868 3707 χρῆναι
879 3623 1034 3706 γειεᾞσθαι
1056 3629 1110 3692 stat
1123 3619 1195 3691 rod-

147 3751 204 3794 του
223 3719 335 3808 μὲν
298 3749 334 3790 συ
357 3716 522 3808 scopato·
546 3719 588 3791 οὗ
609 3718 684 3812 ycip
706 3718 832 3807 δήπου
848 3728 1106 3810 συκοφαντῶν
1128 3725 1196 3797 αλ-

148 3836 211 3904 λα,
229 3819 432 3894 τοιούτων
457 3854 497 3914 ys
524 3820 648 3914 tique
668 3821 866 3916 deceptiosa
887 3824 1195 3919 καὶμαρτῦρωιι.

148 3927 340 3997 Posteriora
361 3931 463 4017 verba
486 3931 643 4015 exhibui,
673 3932 725 3997 uti
746 3930 869 4020 scripta
890 3932 1047 4016 leguntur
1067 3935 1104 4000 in
1119 3935 1196 4000 edi-

147 4030 296 4114 tionibus
321 4029 405 4096 Aldi
435 4043 474 4096 et·
497 4033 667 4120 Stephani.
730 4034 952 4103 Consentiunt
982 4035 1061 4102 libri
1091 4061 1227 4107 manu

146 4132 295 4222 scripti,¹
306 4131 372 4200 nisi
395 4131 486 4220 quod
506 4132 544 4202 O.
561 4147 593 4202 et
606 4137 657 4208 M.
672 4128 749 4207 ἄλλά
761 4161 825 4227 pro
840 4134 917 4208 ἄλλα
931 4139 1108 4229 praebent,
1129 4164 1194 4228 pro
1226 4142 1230 4154 ’
