2700 4980
486 463 555 498 .—
603 431 754 502 27-

111 627 197 693 eime
217 648 314 713 egere
333 625 507 692 Bekkerus
528 637 561 692 et
581 622 753 710 Bremius‚
781 619 863 717 Lyn.
885 635 970 694 orat.
984 625 1019 709 d,
1038 631 1091 695 26.
1118 626 1157 695 in

111 732 224 797 verbis
239 725 278 798 οὐ
291 736 493 816 παραβαίνων
505 725 744 815 πιρίἑλύτσονος
756 735 818 798 τῶν
831 725 950 809 ἡδονῶν
962 733 1157 810 ἐποίησας

109 830 216 923 (quod
232 856 347 898 omnes
363 833 502 897 omnino
515 833 644 898 codices
658 833 834 924 exhibent)
848 833 1005 900 'medium
1021 826 1158 915 ἐποιήσω
1202 880 1205 885 -

110 935 152 1003 de
168 936 284 1004 corais
304 935 494 1000 coniectura
512 951 721 1025 reponentes.

215 1039 301 1108 lbid.
326 1040 354 1126 ὃ.
369 1040 420 1107 47.
434 1041 494 1110 Bk.
516 1062 549 1127 p.
564 1040 637 1104 471.
651 1043 694 1106 R.
720 1034 810 1130 Πρύς
823 1042 857 1109 δὲ
872 1033 995 1115 τούτοις
1006 1032 1063 1114 τοίς
1075 1043 1157 1114 ἰδίοις

112 1137 221 1219 οὐσίας
239 1137 417 1209 ὐπωίέσατι
433 1136 542 1211 ιιαίσύ
563 1149 735 1212 τιίιιπαῒον
758 1139 932 1230 συλλήβδην
952 1140 1084 1218 ἅπαντες
1096 1136 1160 1209 tini

111 1249 173 1316 τῶν
200 1240 371 1334 τριάκοντα
397 1249 432 1319 ἐκ
460 1245 517 1325 τῆς
546 1255 697 1336 πατρίδος
728 1241 906 1329 ἐξηλάθητε.
952 1247 1079 1332 -Quum
1104 1246 1158 1311 hio

12 1419 15 1423 ,
109 1344 233 1442 'optimi
249 1349 326 1416 libri
340 1349 571 1438 manuscripti
586 1354 622 1418 O.
637 1353 684 1419 X.
699 1365 732 1418 et
744 1374 827 1417 vero
843 1353 943 1417 etiam
952 1349 1157 1432 vindobon..

113 1457 142 1520 si
155 1456 291 1533 Altero,
314 1453 446 1520 homini
466 1478 546 1521 sane
568 1454 657 1521 haud
676 1453 724 1520 ita
739 1476 859 1541 magna
872 1453 942 1520 fide
958 1453 1079 1538 digno,
1102 1451 1158 1518 hio
1255 1503 1258 1510 .
1343 1502 1347 1510 .

114 1554 221 1623 fidem
242 1558 423 1637 habemus,
447 1559 650 1625 vocabulum
668 1551 775 1632 οὐσίας
790 1559 963 1638 omittant,
984 1555 1073 1620 haud
1087 1555 1157 1627 seio
1190 1615 1192 1618 a
1272 1574 1275 1591 ¹

112 1682 158 1727 su
176 1683 248 1725 non
271 1658 313 1725 sit
334 1684 423 1726 vana
443 1662 588 1750 suspicio
604 1684 680 1725 mea
691 1652 833 1748 Lysiam
848 1660 1019 1749 scripsisse
1031 1653 1072 1725 roi
1085 1663 1158 1738 ίιίια,

82 1758 318 1863 'eruditulum
344 1777 456 1831 autem
487 1763 652 1852 quendam
679 1777 795 1852 postea
821 1765 901 1831 inde
928 1757 1158 1885 effecissproie

114 1872 196 1942 ἰδίας
223 1862 340 1941 οὐσίας.
384 1869 502 1934 Multis
528 1870 565 1934 in
592 1867 693 1948 locis,
721 1879 760 1932 ut
785 1880 903 1932 notum
932 1866 998 1949 est,
1028 1895 1076 1933 τα.
1095 1869 1159 1934 ἴδια
1233 1932 1236 1938 ,

112 1969 305 2057 significant
324 1966 387 2046 τοίς
396 1977 477 2048 ἰδίας
490 1967 612 2047 οὐσίας,
634 1966 720 2033 bona
735 1990 822 2056 quae
834 1968 963 2058 singuli
973 1969 1160 2057 possident,

108 2072 295 2162 peculiam.
330 2074 415 2140 Isae.
438 2098 487 2156 or.
502 2075 535 2140 V
536 2073 590 2157 ,§.
605 2073 656 2137 34.
678 2073 740 2140 τοῖιν
756 2076 789 2140 δὲ
797 2065 984 2159 Λεωχάρους
1001 2078 1089 2140 ἰδίων
1102 2066 1160 2139 οὐιι

115 2176 333 2258 ἐπιθυμοῦμεν.
368 2177 526 2266 Xenoph.
541 2176 657 2241 histor.
673 2199 756 2263 gn,
731 2179 745 2240 1
767 2177 796 2256 5,
811 2182 841 2241 2.
860 2189 927 2250 τοῖς
944 2181 1034 2250 ἰδίοις
1048 2169 1161 2263 χρήσε-

115 2270 372 2366 σθαιαοπατηρ
388 2275 606 2365 octoadem
629 2280 801 2345 Aesch.1n
817 2279 1023 2380 Ctesiphont.
1047 2279 1159 2362 5163.

115 2409 153 2451 οτ
181 2389 225 2459 εἰς
245 2377 305 2473 τῆν
312 2410 438 2482 αρχην
433 2378 469 2451 οὐ
491 2377 585 2450 πάλαι
609 2369 814 2463 καθεστηκώς
827 2376 1021 2470 Ἀλέξανδρος
1043 2409 1160 2448 αιιατα·

56 2478 60 2484 ¹
116 2479 233 2555 οιιεύοιν
254 2481 420 2571 αὐοῷτῶο
444 2483 564 2554 ἰδίων”
546 2513 644 2555 οντων
659 2513 703 2561 εις
717 2516 774 2565 την
785 2480 886 2556 Actor
905 2487 1001 2570 διεᾚβη
1043 2484 1162 2550 Eiusd.
1210 2552 1212 2557 ,

116 2613 168 2654 or.
191 2589 232 2654 de
254 2587 325 2654 fals.
340 2590 435 2676 legat.
451 2591 479 2676 ς.
494 2594 547 2657 41.
570 2619 614 2676 τῳ
600 2591 729 2678 pist
708 2616 820 2679 ιρανον
834 2614 998 2667 οοσνησειν
1013 2581 1163 2674 ἐπηγγέλ-

116 2703 184 2761 λετο
203 2721 254 2760 και
246 2687 443 2779 βοηθήσειν
457 2708 523 2770 τοῖς
540 2701 639 2770 ἰδίοις.
861 2748 863 2752 .

144 2810 148 2816 “
222 2796 307 2863 lbid.
330 2797 359 2881 ὃ.
382 2801 435 2863 51
457 2800 518 2863 Bk.
541 2799 663 2888 p.475.
681 2799 723 2864 R.
746 2800 875 2866 Orator
894 2799 953 2865 ubi
964 2766 1163 2886 Aguratum

42 2914 44 2919 ⁴
97 2898 219 2967 evicit
237 2899 421 2987 permultos
442 2911 475 2965 et
502 2901 651 2988 egregios
675 2902 767 2967 viros
776 2904 952 2970 detulisse
976 2902 1161 2986 mortisque
1214 2971 1221 2979 ,

117 3025 236 3069 eorum
264 3002 388 3067 haere
416 3017 588 3069 auctorem
615 3005 795 3088 exstitisse,
832 3031 853 3072 a
874 3009 963 3097 §pho
985 3011 1038 3072 51.
1061 3003 1160 3070 dicit:

119 3107 162 3172 Se
180 3127 252 3172 non
273 3105 429 3171 detulisse
444 3106 519 3172 illos
532 3107 642 3186 viros,
662 3109 874 3176 nullomodo
890 3111 992 3199 possit
1006 3107 1163 3199 probare.

119 3210 266 3298 Oportet
280 3208 382 3294 igitur
397 3232 476 3275 eum
490 3212 564 3276 iure
580 3234 616 3275 se
631 3210 705 3281 illos
721 3212 1086 3291 detulisseostendere,
1107 3210 1169 3284 vivv

118 3311 255 3377 dentem
288 3335 344 3377 eos
370 3313 459 3377 mata
490 3325 522 3378 et
549 3315 754 3404 reipublicae
785 3318 889 3383 noxia
920 3322 1165 3406 perpetrantes.

17 3464 22 3471 -
119 3415 184 3481 Sed
207 3415 271 3480 hoc
287 3439 330 3479 ne
345 3416 522 3481 conabitur
536 3417 672 3501 quidem
687 3419 924 3489 demonstrare.
973 3413 1020 3487 Οὐ
1033 3411 1094 3506 γοίρ,
1108 3407 1165 3495 δῆ-

119 3530 198 3598 πού,
225 3522 255 3584 si'
272 3547 304 3586 τι
326 3513 422 3587 aazia
442 3513 500 3587 τύν
518 3520 617 3606 δῆμον
636 3523 699 3589 τῶν
716 3515 895 3603 Ἀθηναίων
915 3517 1112 3610 εἰργάσαντο,
1134 3525 1167 3586 οἰ

120 3614 303 3705 τριάκοντα,
336 3617 465 3709 δςδιύτες
488 3618 530 3708 μή
557 3633 749 3708 καταλυθείη
774 3622 792 3695 d
821 3629 933 3712 δῆμος,
959 3625 1165 3712 τιμωροῦπίί

121 3717 201 3808 ὐπέρ
215 3728 270 3791 τοῦ
287 3720 384 3812 δήμου
397 3723 434 3794 ἂν
451 3721 564 3802 αὐτούς
580 3722 775 3798 ἀπέκτειναν·
797 3726 860 3800 αλλ’
876 3733 962 3818 οἶμαι
975 3723 1053 3797 ποίύ
1070 3720 1164 3795 τούν·

122 3832 227 3895 αντίον
261 3823 381 3898 τούτου.
409 3867 455 3880 ·-
507 3825 627 3898 Porirov
664 3835 852 3920 genitivum
886 3857 1001 3901 omnes
1028 3841 1165 3898 tuentur

123 3928 201 3996 libri
218 3922 334 4015 MSS„
360 3935 469 4003 τοῦτον
484 3936 709 4001 accusativum
722 3940 894 4007 Bekkerus
908 3938 998 4004 dedit
1021 3936 1061 4002 de
1083 3955 1167 3999 con-

122 4033 258 4098 iectura.
322 4034 425 4119 Quod
451 4038 587 4105 laudare
615 4063 685 4106 non
712 4063 866 4129 possum:
899 4064 979 4108 nam
1000 4039 1166 4106 librorum

10 4208 12 4213 ,
123 4136 290 4224 scriptura
313 4137 468 4210 omnium
496 4153 545 4206 est
570 4143 752 4212 sanissimo
802 4146 906 4217 Dicit
932 4145 1060 4213 Orator
1083 4140 1166 4207 hocs
