2700 4980
519 397 881 480 ¹1--1'2··÷.·'

265 576 270 591 ,
833 552 839 575 t

239 670 249 699 ·.
283 603 461 671 Ceterum
490 600 603 668 rerba'
626 601 711 686 loci,
733 600 842 666 Junde
865 603 974 670 oratic
999 605 1246 694 profectuose,-

193 698 373 798 ἆποροῧπα
394 701 422 776 δ’·
435 702 511 773 ὅθεν
529 699 597 793 χρὴ
609 705 676 772 τῶν
693 697 818 772 diucius
838 694 1037 795 stederuqris
1051 731 1122 772 nou
1135 705 1238 795 plane

194 822 350 880 accurate
371 809 481 901 vulgo
502 820 710 873 vertunturr
746 827 874 892 quum
902 809 1117 898 ignorem,
1154 831 1235 895 quo

192 925 318 1004 pacto
337 911 402 976 ius
420 933 564 976 meum
582 910 817 977 obtineam.
853 911 964 980 Immo
976 913 1118 1002 proprie
1131 911 1237 999 signi-

71 1086 76 1098 ,Α
192 1015 313 1084 fleant:
340 1034 444 1100 quum
465 1013 636 1100 ignorem,
667 1013 760 1078 unde
780 1036 837 1079 me
858 1026 1015 1103 oporteat
1032 1017 1236 1103 aliquid'eo-
1336 1069 1338 1072 ,

190 1141 291 1203 rum,
310 1140 397 1205 quae
412 1116 561 1204 aequitas
575 1115 740 1203 postulat,
769 1115 939 1202 obtinere,
966 1118 988 1183 i.
1005 1143 1035 1185 e.
1050 1118 1155 1206 quum
1170 1143 1236 1185 ne·
1311 1164 1314 1167 -

189 1225 312 1308 sciam,
334 1221 377 1289 ad
395 1243 476 1308 quos
494 1219 687 1306 confugiam
700 1218 844 1307 iudices,
873 1234 913 1287 ut
924 1237 988 1311 per
1003 1244 1079 1306 eos,
1098 1224 1155 1288 'uti
1169 1234 1237 1295 n'e-

71 1330 72 1335 ’
127 1413 131 1418 .
190 1350 281 1395 cesse
301 1312 370 1411 est',
395 1325 461 1388 ius
481 1310 606 1386 meum⁸
625 1324 738 1410 aliqua
763 1335 853 1388 certe
872 1345 917 1390 ex
938 1335 1036 1414 parte
1054 1326 1235 1394 obtineam.

188 1430 257 1496 Sed
272 1440 321 1494 cst
339 1428 423 1494 haec
435 1451 491 1493 res
507 1450 587 1491 sane
602 1424 686 1491 levis
702 1437 735 1491 et
749 1425 891 1514 pusillas
921 1435 1024 1513 quam
1043 1430 1111 1495 alto
1128 1429 1234 1496 silen-

151 1522 156 1535 ’
188 1533 237 1598 tio
252 1531 528 1609 transmisissem,
546 1528 612 1594 nisi
626 1532 690 1596 hac
705 1531 878 1595 occasione
892 1531 942 1595 uti
957 1516 1136 1608 vellemuad
1152 1555 1235 1609 verr

189 1638 272 1706 bum
292 1628 449 1723 ’τυγχάνειν
470 1635 524 1699 hic
538 1633 575 1697 in
590 1633 761 1699 locutione
773 1634 834 1702 τῶν
851 1639 976 1701 δικαίων
989 1661 1073 1722 eryx.
1086 1657 1233 1723 usurpa-

188 1750 264 1807 tum
279 1739 315 1805 in
329 1739 404 1805 loco
419 1735 564 1825 quodam
579 1735 772 1824 Sophoclis,
799 1737 858 1801 ubi
880 1739 1099 1807 librariorum
1112 1761 1232 1804 socor-
1316 1767 1326 1774 -

189 1843 247 1909 dia
267 1852 302 1909 et
319 1837 524 1927 negligentia
546 1836 781 1904 oblitteratum
800 1839 956 1924 videtur,
992 1840 1029 1906 in
1049 1842 1231 1930 pristinum

186 1945 239 2013 ius
253 1943 526 2012 restituendum..
553 1942 615 2006 Est
628 1941 687 2006 ille
700 1942 793 2007 loeus
806 1944 843 2008 in
857 1943 980 2032 Oedip.
993 1945 1077 2031 negt
1091 1969 1126 2010 v.
1137 1950 1230 2014 1018.
1287 1954 1303 1974 ”

188 2049 241 2116 ed.
262 2049 385 2116 Herm.
401 2067 436 2111 v.
453 2045 545 2112 1025.
563 2045 655 2130 vulg.
678 2044 891 2134 Colloquitur
910 2046 958 2112 ibi
975 2046 1127 2135 Oedipus
1150 2070 1228 2112 cum

85 2240 88 2245 ἱ
177 2149 270 2221 κάπὸ
287 2148 483 2232 corinthio,
514 2147 572 2234 qui
594 2147 728 2215 Thebas
751 2151 870 2215 missus
885 2162 975 2233 erat,
1004 2163 1043 2216 ut
1058 2137 1230 2245 Oedipum

187 2257 230 2324 de
244 2267 355 2322 morte
367 2250 505 2340 Polybi,
528 2249 582 2315 cui
597 2250 693 2317 illum
707 2264 746 2317 ut
761 2248 869 2342 filium
883 2255 920 2319 ib
935 2254 1081 2344 imperio
1097 2278 1231 2320 succes-

158 2351 304 2427 surum
319 2380 390 2424 esse
403 2353 581 2443 probabile
597 2366 682 2440 erat,
698 2355 864 2422 edoceret.
900 2358 966 2423 Hic
977 2357 1120 2423 nuncius
1132 2368 1229 2444 post·
1282 2389 1286 2395 ·
1325 2422 1329 2429 ,

185 2485 288 2555 quam
310 2463 353 2541 ab
374 2457 509 2562 Oedipo
533 2458 679 2543 audivit,
715 2460 846 2549 ipsum,
882 2484 926 2525 ne
948 2460 1037 2526 forte
1058 2456 1246 2549 Apollinis*

184 2565 359 2652 oraculum
384 2562 577 2628 etiamnunc
598 2563 730 2627 exitum
750 2564 890 2644 habeat,
913 2584 1088 2649 nunquam
1105 2563 1237 2651 Coriu-x

114 2702 117 2709 ¹
184 2669 282 2736 thum
303 2690 338 2731 se
361 2665 562 2731 collaturum
579 2688 665 2748 esse,
695 2665 784 2729 bunc
799 2677 925 2730 metum
941 2667 1081 2741 omnino
1095 2688 1227 2734 vanum

53 2864 59 2871 Ι
103 2781 114 2813 ”
183 2786 255 2837 esse
268 2768 360 2851 dicit,
377 2789 482 2852 quum
496 2767 645 2854 Polybus
660 2767 754 2832 nullo
768 2767 958 2835 modorum
973 2770 1227 2845 eositccniun-

183 2885 269 2941 ctus.
318 2870 453 2959 Oedipo
476 2869 617 2937 narranti
635 2871 893 2960 quaerentique,
915 2875 1081 2962 numquid
1096 2873 1226 2941 nonsit

182 2974 526 3068 genitusaPclybo,
562 2973 763 3061 respoudet3
806 3000 944 3065 neque
972 2977 1053 3044 ille
1078 2989 1119 3044 te
1149 2998 1225 3064 ge.

97 3118 101 3129 ¹
181 3082 277 3151 nuit
297 3100 432 3167 neque
454 3100 549 3165 eg03
569 3075 639 3141 sed
664 3079 830 3168 accepit
850 3093 891 3145 te
912 3083 1022 3173 dono
1047 3102 1099 3162 en
1118 3079 1223 3146 meis

179 3185 387 3253 manibus.
438 3181 530 3247 Tum
552 3178 720 3268 Oedipust
754 3176 791 3255 σύ
812 3177 1016 3268 δ’ἰμπολῆσας
1035 3179 1056 3265 ἢ
1077 3175 1173 3252 τεκών
1192 3193 1224 3270 μ’

179 3284 265 3374 αὐτῷ
282 3293 392 3367 diceres
422 3284 581 3351 Permira
603 3294 652 3348 est
671 3284 779 3351 altera
800 3291 878 3374 pare¹
894 3289 1095 3375 quaestionis
1116 3283 1138 3369 ἢ
1159 3313 1225 3355 τε·
1296 3327 1299 3333 ·

177 3385 267 3469 scis,
290 3388 418 3456 Modo
439 3386 531 3452 enim
547 3385 690 3452 nuncius
709 3402 826 3476 aperte
840 3416 876 3457 se
893 3403 1079 3480 negaverat
1096 3413 1224 3480 parcn-

83 3500 89 3510 ‘
141 3548 152 3575 ,
178 3511 251 3564 tem
280 3487 527 3576 esseoedipi,¹
559 3487 659 3574 „Sed
675 3489 827 3580 videtur,
865 3495 1222 3584 iuquitHermannus,

178 3607 381 3690 praeceptor
402 3586 444 3658 de
464 3611 521 3655 me
541 3591 794 3676 meritissimus,
823 3596 886 3664 boc
908 3600 961 3664 ito
981 3589 1224 3683 suplicandum

179 3723 266 3779 esse,
295 3709 333 3765 ut
346 3706 507 3786 putemus
528 3691 701 3783 Oedz'pum
720 3722 788 3764 non
809 3701 858 3766 sd
877 3699 980 3769 verbu
999 3698 1137 3779 nuncii,
1164 3697 1224 3764 sed

177 3803 227 3871 cd
248 3812 393 3869 mentem
414 3794 608 3866 attendisse.
618 3800 640 3832 “
660 3858 663 3862 ,
682 3801 734 3868 At
752 3828 868 3871 nonne
892 3805 1030 3870 decebat
1048 3788 1232 3891 Oedipum·
1317 3825 1319 3830 ·

52 3933 55 3943 ·
147 3911 214 3977 ‘in
229 3899 516 3983 taticonditione,
538 3901 577 3966 in
593 3904 685 3989 quali
698 3906 902 3976 hicversans
917 3905 1141 3994 conspicitur,
1164 3903 1224 3970 ubi
1291 3950 1294 3957 -

178 4035 250 4082 esse
266 4009 308 4076 de
321 4007 450 4095 origine
466 4027 526 4072 sua
539 4006 718 4074 certiorem
731 4008 859 4077 factum
873 4010 916 4076 iri
928 4010 1033 4093 videt,
1056 4009 1098 4076 ad
1112 4005 1223 4094 quod-

177 4117 231 4183 vis
253 4112 368 4188 nuncii
388 4107 537 4183 'verbum
559 4110 759 4184 attenderet
790 4113 918 4182 Nonne
938 4113 1045 4201 iniis,
1067 4133 1153 4200 quac
1169 4096 1235 4174 se-'
