2700 4980
387 462 423 519 X
544 435 594 451 —
647 396 696 474 65
745 435 796 453 -

145 635 209 677 των
222 600 287 673 ὀὖν
314 596 401 689 ε’χχός
419 599 480 668 τῶν
498 597 604 667 δεινῶν
616 590 770 684 γενόμενοι
784 595 991 687 rememorans,
1013 591 1089 669 oillei
1112 635 1129 649 ·
1145 640 1174 673 -.

146 711 258 796 Vulgo
270 708 326 772 hio
341 705 468 770 editum
478 712 529 769 cst
544 705 576 768 ἐν
591 704 695 785 ἐκείνῳ
711 700 756 785 τῷ
769 695 887 789 χρόνῳι
908 724 970 788 ego
985 725 1070 768 vero
1082 728 1186 793 pras-

144 813 347 904 positionem
357 797 403 876 ’ἕν
420 807 550 887 delevi,
576 803 702 890 quippe
715 823 802 886 quae
814 826 924 890 neque
937 805 974 870 in
989 804 1115 873 Aldina
1127 833 1186 874 re·

142 915 293 1007 periatur
311 918 352 978 el.
369 905 411 982 ab
431 909 568 1002 optimis
589 905 682 971 libris
708 907 801 991 Mss.
823 910 925 992 absit,
959 909 997 974 C.
1022 909 1069 975 X.
1089 910 1184 978 Leid.

85 1020 94 1037 ⁸
144 1021 195 1087 M.
218 1021 267 1087 N.-
284 1019 329 1084 U.
373 1015 488 1102 Atque
507 1018 699 1100 quanquam
724 994 841 1095 negari
865 1035 937 1076 non
955 1022 1083 1099 potest,
1111 1013 1188 1101 Ly-

142 1123 228 1190 siam
240 1123 279 1188 in
292 1116 461 1185 eiusmodi
473 1112 696 1179 locutionibus
708 1112 801 1176 illam
814 1115 1096 1202 praepositionem
1110 1118 1190 1205 ple·

140 1247 288 1311 rumque
304 1218 471 1287 addidisse
485 1217 538 1307 (ut
549 1220 625 1303 Vll,
635 1224 691 1285 27.
704 1217 793 1293 ΧΙΙ,’
812 1221 865 1280 73.
878 1214 1023 1297 XXIX,
1048 1220 1077 1283 4.
1097 1223 1186 1304 etc),

143 1343 258 1397 tamen
271 1344 517 1407 nonnunquam
534 1322 635 1388 etiam
650 1319 795 1408 simplici
807 1340 885 1382 usus
900 1331 950 1382 est
971 1318 1096 1386 dativo.
1133 1321 1187 1390 Cf.
1276 1396 1278 1400 ,

144 1441 230 1496 orat.
254 1428 282 1494 I.
304 1425 346 1491 de
365 1424 651 1515 caede-Eratosth.
672 1424 703 1508 S.
723 1423 777 1488 42.
800 1425 898 1513 ἐκείνῃ
917 1421 956 1512 τῇ
972 1431 1066 1490 νυκτί.
1089 1424 1188 1493 Orat.

143 1531 260 1600 XVII.
304 1528 358 1594 De
369 1535 489 1616 pecua.
503 1529 596 1617 publ.
611 1527 642 1612 5.
655 1533 686 1593 9.
707 1526 752 1613 τῷ
767 1525 944 1610 ἔμπροσθεν
954 1521 1065 1612 χρόνῳ.
1088 1529 1187 1599 Orat.
1250 1542 1262 1605 ,’
1278 1572 1282 1585 .

142 1634 277 1702 funebr.
293 1632 324 1716 S.
339 1635 389 1699 16.
409 1631 449 1722 νῇ
463 1625 543 1724 αὐτῇ
557 1627 674 1721 ἧμέρᾳ,
700 1629 759 1696 ubi
772 1642 856 1695 cave
869 1630 1110 1695 Marklandnm
1124 1654 1188 1696 au*
1212 1652 1219 1669 *

144 1738 217 1805 dias
233 1732 520 1825 praepositionem
543 1735 622 1802 addi
643 1735 826 1801 iubentem.
876 1731 917 1813 In
931 1731 1069 1818 Agorat.
1085 1735 1115 1819 S.
1135 1741 1188 1800 10.

143 1842 190 1929 τῷ
210 1841 353 1930 προτέρῳ
375 1836 444 1905 ἔτει.
468 1837 643 1906 Demosth.
662 1839 700 1904 in
723 1835 874 1901 Timocr.
894 1833 1012 1917 5150.
1033 1835 1186 1931 ταὺτχτῇ
1280 1900 1283 1907 .

144 1940 256 2031 ἡμέρᾳ.
282 1942 396 2007 Eiusd.
417 1952 505 2008 orat.
527 1942 605 2007 adv.
624 1936 762 2029 Aphcb.
783 1937 826 2004 de
847 1936 921 2003 fals.
942 1941 1065 2007 testim.
1091 1943 1120 2026 5.
1134 1943 1186 2011 49.

146 2051 244 2138 ἐκείνῳ
255 2037 430 2136 τῇ·ἧμε’ρᾳ,
449 2043 734 2131 quemadmodum
747 2053 838 2106 recte
851 2040 1048 2108 Dindorlius
1062 2045 1190 2109 etBre·
1291 2073 1295 2079 ·

94 2159 97 2165 ’
145 2148 253 2230 mins,
275 2143 707 2221 meliorescodicessecuti,
731 2143 934 2210 ediderunt.
962 2145 1056 2210 Male
1072 2145 1188 2213 Reisk.

147 2261 183 2317 ct
193 2246 378 2316 Bekkerns
393 2247 444 2313 'ex
455 2248 607 2354 ,ampu-
627 2247 654 2312 Ι.
679 2258 712 2311 et
729 2246 907 2312 Parisiensi
921 2246 993 2311 cod.
1007 2269 1026 2310 r
1040 2270 1190 2336 praepo·

146 2352 304 2419 altionem
325 2352 358 2417 ἐν
381 2316 592 2437 receiieitinti
642 2346 695 2414 cf.
718 2342 845 2413 Bremii
864 2349 977 2416 adnot.
998 2350 1040 2414 ad
1063 2352 1095 2416 h.
1115 2353 1138 2419 l.
1157 2366 1191 2421 et

146 2455 273 2524 Matth.
297 2453 361 2519 Gr.
384 2451 446 2550 Gr·
467 2475 502 2541 p.
524 2450 600 2518 742.
648 2451 762 2518 Etiam
784 2449 866 2517 alios
886 2452 1067 2539 scriptores
1087 2458 1193 2528 modo¹

147 2556 338 2645 simplicem
365 2555 519 2621 dativum
547 2555 591 2621 de
610 2567 773 2644 tempore
799 2574 979 2642 usurpare,
1022 2559 1125 2645 modo
1156 2558 1190 2624 ei

147 2645 435 2750 praepositionem
458 2660 492 2724 ἐν
509 2656 707 2745 adiungere,
734 2657 798 2722 vix
818 2659 972 2743 estquod
993 2680 1190 2734 memorem.

148 2762 202 2830 Cf.
224 2762 326 2828 modo
348 2761 506 2849 Xenoph.
524 2762 652 2835 Hister.
667 2761 729 2826 Gr.
742 2761 760 2824 I
770 2786 779 2844 ‚¹
802 2765 840 2841 2,
864 2766 915 2828 18.
936 2763 981 2848 τῷ
996 2758 1080 2850 αὐτῷ
1092 2757 1193 2854 χρόνῳ

149 2877 185 2932 et
206 2887 280 2951 cap.
302 2870 341 2944 8,
361 2863 391 2931 ὅ.
422 2865 457 2930 ἕν
476 2865 521 2949 τῷ
543 2859 627 2948 αὐτῷ
648 2856 757 2948 χρόνῳ.
786 2865 839 2947 II,
862 2871 900 2943 3,
926 2856 978 2930 15.
1001 2869 1047 2952 τῷ
1066 2860 1192 2954 μὲνοῦν

149 2961 263 3056 πρώτῳ
277 2959 379 3053 χρόνῳ
394 2980 455 3034 etc.
491 2969 585 3032 Hinc
600 2977 753 3054 apparet,
777 2989 846 3031 non
863 2989 984 3035 verum
999 2995 1079 3050 esse,
1102 2976 1193 3060 quod

148 3072 409 3136 Bornemanuus
431 3070 474 3134 ad
496 3068 657 3157 Xenoph.
678 3070 824 3136 Conviv.
848 3072 883 3137 C.
904 3065 966 3156 IV,
987 3075 1019 3170 S.
1041 3080 1067 3141 1.
1097 3081 1131 3144 ἐν
1149 3078 1195 3165 τῷ

150 3164 266 3261 χρόνῳ,
288 3163 541 3256 demetata,
566 3170 758 3258 contendit,
781 3172 847 3239 (1ίοί
859 3177 998 3263 proprie
1019 3177 1196 3248 debuis-

151 3299 196 3342 se
217 3277 251 3342 ἓν
272 3266 536 3361 dinoscimini.
1075 3279 1077 3283 ’
1194 3296 1197 3303 ·

182 3473 280 3561 Lyn.
293 3484 380 3538 orat.
394 3471 471 3538 adv.
488 3471 619 3538 Simon.
630 3472 700 3557 ΙΙΙ,
722 3473 753 3558 5.
768 3473 819 3540 47.
833 3472 896 3541 Bt.
908 3486 942 3564 p.
959 3481 1029 3546 163.
1043 3480 1084 3546 R.

257 3574 422 3642 Facinore
442 3574 574 3660 aliquo,
598 3577 693 3662 ¹quod
706 3580 825 3642 Simon
838 3601 881 3664 pe
926 3591 1110 3670 straverat,
1132 3606 1203 3653 aun·

156 3676 319 3743 ditoribus
338 3690 499 3742 enarrata
514 3678 642 3745 Orator
662 3682 771 3746 multa
791 3679 871 3768 quid
948 3683 1013 3768 alia
1029 3686 1196 3753 eiusmodi
1328 3706 1329 3710 ’

156 3802 229 3845 scae
249 3777 296 3844 ait
314 3776 435 3843 afferre
456 3801 574 3867 posse,
610 3783 753 3848 reticere
773 3797 905 3863 tamen,
933 3807 1039 3871 quum
1061 3789 1134 3876 lege
1153 3790 1198 3856 sit
1274 3828 1279 3838 -

157 3894 295 3947 cautum
308 3903 353 3945 ne
366 3879 475 3947 aliana
489 3907 510 3949 a
522 3907 638 3950 caussa
652 3885 880 3973 proferantur.
912 3887 1003 3952 Tum
1019 3905 1199 3978 antequam

158 3982 349 4048 orationem
372 3978 465 4063 finit,
500 3985 609 4053 adhuc
628 3987 776 4054 inculcat
804 3987 966 4055 iudicibus
992 4015 1078 4079 quae
1098 4004 1137 4057 ut
1159 3993 1201 4058 ad

157 4107 308 4152 caussam
320 4097 529 4173 praesentem
541 4090 745 4176 pertinentia
754 4090 911 4179 inprimis
920 4090 1036 4159 tenere
1049 4119 1105 4159 eos
1118 4096 1204 4163 vult.
1287 4120 1290 4131 ·

841 4192 871 4260 E

1152 4334 1277 4537 b.
