2700 4980
579 404 809 477 -e-

176 607 230 672 ira
243 600 426 671 ulciscendi
438 616 570 691 tempus
585 602 782 669 observans:
804 600 1045 688 discordia,
1068 604 1120 670 ira
1133 603 1230 672 acer-

66 768 79 777 ..
176 710 255 776 bior
270 707 390 774 intimo
405 706 483 772 odio
496 716 528 770 et
540 704 640 770 corde
655 707 849 796 concepta‘f
893 706 1080 790 Bentleius,
1104 708 1229 794 ‚,qnid,

178 794 302 894 sodes,
315 810 439 896 inquit,
461 819 510 874 est
528 789 724 874 intimrim
745 807 911 874 odium?
934 810 1063 877 Siccine
1081 823 1118 880 ut
1132 811 1230 877 Cice-

179 915 370 982 relocatus
389 912 460 979 siit
490 910 690 976 Gebhardus
710 910 788 976 c'um
808 896 877 976 suis
898 911 962 978 hoc
975 911 1071 978 facile
1091 911 1232 978 fortasse

180 1011 377 1085 concoxerit
400 1016 456 1081 vel
476 1027 572 1107 caute
592 1013 867 1081 dissimulaverit:
900 1027 934 1080 at
956 1015 1142 1082 Lambinus
1165 1001 1232 1080 ho·

98 1196 101 1204 ¹
140 1144 143 1149 ·
180 1120 268 1191 nesti
293 1118 483 1206 interpretis
510 1115 646 1182 functus
671 1128 720 1182 est
749 1140 891 1184 munere
918 1139 981 1185 nec
1005 1120 1231 1186 coniecturam

159 1245 279 1296 ,suam
306 1223 409 1289 tacuit
432 1217 555 1287 intimo
581 1216 734 1284 animer
778 1220 946 1309 Adiungit
968 1221 1088 1288 deinde
1110 1245 1146 1287 se
1169 1222 1231 1287 vix

181 1325 337 1407 dubitare
358 1323 441 1409 quin
455 1325 573 1390 Cicero
596 1323 739 1404 notaio,
767 1335 806 1389 ut
819 1325 1006 1391 Lambinus
1023 1324 1147 1407 voluit,
1172 1335 1231 1389 aut

137 1463 140 1469 ·
184 1428 307 1494 intimo
322 1437 460 1515 pectore
480 1426 666 1514 scripserit:
700 1427 784 1493 iltud
805 1427 883 1493 odio
901 1429 994 1495 euim
1011 1430 1111 1515 longe
1133 1426 1232 1492 odio-

179 1531 353 1598 sissimum
367 1553 446 1596 esse.
489 1531 602 1597 Probo
619 1529 710 1614 quod
724 1542 822 1617 negat
836 1531 890 1597 vir
907 1533 1117 1598 acutissimus
1134 1531 1233 1600 Cice-

96 1704 99 1709 ,
183 1657 304 1700 rouem
328 1634 451 1700 dixisse
471 1634 593 1733 intimo
616 1631 712 1697 odio.-
741 1657 803 1699 nec
824 1658 906 1700 vero
927 1631 1144 1722 probaverim
1157 1634 1230 1700 illas

121 1816 129 1820 ,¹
184 1737 414 1822 coniecturas,
454 1726 536 1824 qiaas
559 1737 789 1832 commendat,
836 1746 942 1822 quum
965 1738 1065 1803 nimis
1087 1739 1187 1824 longe
1209 1763 1230 1806 a

184 1843 353 1929 scriptura
374 1842 540 1908 librorum
562 1841 885 1930 manuscriptorum
909 1837 1021 1930 (odio3
1044 1857 1132 1907 unus
1153 1852 1231 1906 tan-

183 1959 259 2012 tum
282 1945 389 2011 codex
418 1968 476 2023 ore
502 1945 661 2011 exhibere
688 1939 825 2039 dicitur)
855 1943 1020 2011 recedant.
1073 1944 1232 2010 Davisius
1270 2032 1273 2035 ,

184 2048 374 2151 mebini
387 2048 655 2114 emendationem
696 2048 862 2166 recepit3
891 2049 929 2114 F.
958 2049 1023 2227 f.
1052 2047 1227 2131 Wolfius,

117 2151 118 2154 ’
185 2146 288 2272 qbem
322 2135 442 2216 ducem
470 2163 602 2226 secutus
629 2165 678 2219 est
705 2153 956 2226 novissimuse
979 2118 1046 2235 dr
1074 2151 1228 2235 Konna,

185 2242 291 2319 verba
316 2253 394 2319 odio
421 2267 454 2321 et
483 2266 522 2327 ut
548 2256 707 2323 insiticia
718 2255 848 2322 uncinis
874 2228 1026 2337 inclusit3
1055 2256 1230 2323 Schiitzius
1268 2300 1271 2311 ·

128 2364 152 2409 ¹
184 2352 230 2429 V
251 2358 287 2426 C.
308 2359 407 2447 plane
429 2359 569 2442 delevit3
598 2361 726 2427 cautius
751 2360 898 2425 Orellius
919 2360 977 2424 uta
990 2358 1118 2424 verba
1108 2368 1231 2422 intacta

2 2453 9 2468 ⁸
108 2496 113 2509 ι
180 2450 338 2548 reliquit,
377 2483 571 2550 quanquam
591 2461 709 2530 -fassus
745 2474 794 2527 est
829 2462 893 2526 sibi
921 2472 1080 2548 corrupta
1110 2460 1231 2526 rideri.

184 2565 303 2631 Meam
332 2567 532 2633 sententiam
560 2578 598 2632 ut
618 2589 708 2632 nunc
731 2563 922 2654 proferam,
953 2564 1065 2630 locum
1095 2563 1231 2648 quidem

187 2688 259 2735 non
278 2690 398 2747 sanum
420 2674 495 2735 'esse
517 2670 685 2751 concedo,
711 2668 822 2734 sanari
843 2681 953 2733 autem
971 2691 1069 2756 posse
1085 2667 1231 2732 arbitror

186 2771 281 2836 nulla
299 2771 410 2838 littera
433 2784 491 2838 aut
512 2773 689 2838 immutata
709 2773 925 2838 autsublata=
947 2771 1049 2836 modo
1071 2769 1232 2836 animilia

187 2873 256 2957 duo
284 2875 446 2943 vocabula
472 2875 550 2941 odio
582 2887 618 2959 ct
651 2889 728 2943 ante
758 2877 898 2957 intimo,
935 2875 1024 2960 quod
1049 2872 1249 2962 praecedit,

186 2988 401 3065 transponas,
431 2981 558 3068 optime
584 3003 620 3046 se
648 2979 761 3046 omnia
785 2980 840 3044 hic
863 2969 1040 3044 habebunt.
1096 2975 1253 3064 Scripsit-

186 3079 291 3166 igitur
323 3081 548 3185 Philosophus
580 3096 713 3150 noster.
755 3079 1025 3147 discordia
1015 3103 1079 3146 ira
1107 3102 1233 3145 acer·
1236 3120 1239 3124 -

176 3183 285 3249 'bior
311 3185 410 3252 odio
438 3185 474 3271 (i
505 3211 535 3252 e.
565 3209 667 3304 quant
696 3185 826 3273 odium)
861 3198 901 3252 et
928 3181 1232 3250 intimocorde

84 3318 88 3325 ·
184 3299 399 3376 concepta.
444 3288 573 3356 Odium
601 3292 691 3357 enim
717 3311 822 3376 quum
843 3291 887 3355 sit
906 3286 971 3354 ira
991 3287 1234 3353 inveterata

181 3390 376 3477 ideoque
347 3414 418 3456 erus
439 3394 532 3459 notio
552 3395 691 3483 propius
712 3395 846 3460 accedat
862 3391 904 3457 ad
927 3414 1019 3471 eam,
1042 3411 1127 3474 quae
1147 3388 1233 3453 inest

183 3494 223 3560 in
243 3517 327 3560 voce
347 3495 554 3579 discordiae,
585 3498 743 3564 Ciceroni
762 3495 964 3562 discordiam
987 3490 1163 3558 definienti
1178 3489 1234 3554 vi-

184 3618 260 3662 sum
283 3609 332 3662 est
351 3622 425 3664 eam
447 3600 603 3689 inprimis
625 3601 667 3666 ab
688 3602 767 3666 odio
783 3600 1004 3684 distingueret
1026 3596 1138 3680 itaque
1153 3592 1233 3658 dicit

136 3761 137 3768 ,
185 3723 227 3766 eo
259 3715 436 3789 utramque
466 3704 607 3798 distorre
628 3703 935 3792 perturbationem,
969 3699 1060 3785 quod
1083 3699 1120 3765 in
1142 3698 1234 3762 dis·

183 3805 331 3870 cordia
364 3804 492 3893 (Groll)
526 3807 635 3872 maior
666 3807 709 3874 sit
745 3805 906 3871 acerbitas
932 3825 1033 3889 quam
1059 3803 1101 3868 in
1130 3801 1231 3887 odio

183 3906 325 3996 (Hcss):
348 3914 380 3972 et
400 3908 441 3972 ad
466 3921 606 3999 etymon
626 3909 805 3998 respiciens
817 3906 929 3973 adiicit
946 3907 1040 3973 illam
1059 3930 1129 3973 esse
1144 3904 1233 3970 iram

114 4028 144 4059 ’ν
169 4005 301 4076 'intimo
328 4011 459 4080 corde
483 4028 689 4102 conceptam.
